<?xml version="1.0" encoding="UTF-8"?>
<!DOCTYPE html PUBLIC "-//W3C//DTD XHTML 1.0 Transitional//EN"
    "http://www.w3.org/TR/xhtml1/DTD/xhtml1-transitional.dtd">
<html xmlns="http://www.w3.org/1999/xhtml" xml:lang="en" lang="en">
 <head>
  <title>
</title>
<meta http-equiv="Content-Type" content="text/html;charset=utf-8" />
  <meta name='ocr-system' content='tesseract 3.04.00' />
  <meta name='ocr-capabilities' content='ocr_page ocr_carea ocr_par ocr_line ocrx_word'/>
</head>
<body>
  <div class='ocr_page' id='page_1' title='image "./titiliviaburbec04livygoog_0074.png"; bbox 0 0 3384 4975; ppageno 0'>
   <div class='ocr_carea' id='block_1_1' title="bbox 302 528 1232 611">
    <p class='ocr_par' dir='ltr' id='par_1_1' title="bbox 302 528 1232 611">
     <span class='ocr_line' id='line_1_1' title="bbox 302 528 1232 611; baseline -0.006 -19"><span class='ocrx_word' id='word_1_1' title='bbox 302 531 304 539; x_wconf 80' lang='grc'>’</span> <span class='ocrx_word' id='word_1_2' title='bbox 383 528 441 611; x_wconf 65' lang='grc'>121</span> <span class='ocrx_word' id='word_1_3' title='bbox 552 534 670 592; x_wconf 72' lang='lat' dir='ltr'>amsa</span> <span class='ocrx_word' id='word_1_4' title='bbox 686 530 1232 604; x_wconf 74' lang='lat' dir='ltr'>XXXXI,12-14.[a.u.e.577.578]</span> 
     </span>
    </p>
   </div>
   <div class='ocr_carea' id='block_1_2' title="bbox 350 689 1408 1056">
    <p class='ocr_par' dir='ltr' id='par_1_2' title="bbox 350 689 1408 1056">
     <span class='ocr_line' id='line_1_2' title="bbox 380 689 1407 784; baseline -0.004 -26"><span class='ocrx_word' id='word_1_5' title='bbox 380 696 454 781; x_wconf 89' lang='lat' dir='ltr'>plus</span> <span class='ocrx_word' id='word_1_6' title='bbox 476 692 666 784; x_wconf 82' lang='lat' dir='ltr'>septingenti</span> <span class='ocrx_word' id='word_1_7' title='bbox 690 701 745 754; x_wconf 90' lang='lat' dir='ltr'>aut</span> <span class='ocrx_word' id='word_1_8' title='bbox 767 691 800 754; x_wconf 91' lang='lat' dir='ltr'>in</span> <span class='ocrx_word' id='word_1_9' title='bbox 822 690 942 774; x_wconf 90' lang='lat' dir='ltr'>proelio</span> <span class='ocrx_word' id='word_1_10' title='bbox 960 700 1016 752; x_wconf 91' lang='lat' dir='ltr'>aut</span> <span class='ocrx_word' id='word_1_11' title='bbox 1036 689 1070 752; x_wconf 91' lang='lat' dir='ltr'>in</span> <span class='ocrx_word' id='word_1_12' title='bbox 1088 689 1198 752; x_wconf 87' lang='lat' dir='ltr'>castris</span> <span class='ocrx_word' id='word_1_13' title='bbox 1214 722 1260 736; x_wconf 92' lang='lat'><em>-</em></span> <span class='ocrx_word' id='word_1_14' title='bbox 1274 710 1349 752; x_wconf 91' lang='lat' dir='ltr'>nam</span> <span class='ocrx_word' id='word_1_15' title='bbox 1368 711 1407 754; x_wconf 92' lang='lat' dir='ltr'>ea</span> 
     </span>
     <span class='ocr_line' id='line_1_3' title="bbox 382 781 1407 874; baseline -0.007 -20"><span class='ocrx_word' id='word_1_16' title='bbox 382 810 511 874; x_wconf 86' lang='lat' dir='ltr'>quoque</span> <span class='ocrx_word' id='word_1_17' title='bbox 527 799 710 872; x_wconf 87' lang='lat' dir='ltr'>expugnata</span> <span class='ocrx_word' id='word_1_18' title='bbox 727 795 800 847; x_wconf 89' lang='lat' dir='ltr'>sunt</span> <span class='ocrx_word' id='word_1_19' title='bbox 817 818 861 829; x_wconf 89' lang='lat'>—</span> <span class='ocrx_word' id='word_1_20' title='bbox 878 783 963 866; x_wconf 88' lang='lat' dir='ltr'>capti</span> <span class='ocrx_word' id='word_1_21' title='bbox 981 795 1013 847; x_wconf 92' lang='lat' dir='ltr'>et</span> <span class='ocrx_word' id='word_1_22' title='bbox 1031 783 1123 866; x_wconf 87' lang='lat' dir='ltr'>signa</span> <span class='ocrx_word' id='word_1_23' title='bbox 1140 781 1288 846; x_wconf 87' lang='lat' dir='ltr'>militaria</span> <span class='ocrx_word' id='word_1_24' title='bbox 1306 804 1407 847; x_wconf 90' lang='lat' dir='ltr'>unum</span> 
     </span>
     <span class='ocr_line' id='line_1_4' title="bbox 350 876 1407 966; baseline -0.009 -17"><span class='ocrx_word' id='word_1_25' title='bbox 350 895 415 950; x_wconf 84' lang='lat' dir='ltr'>aet</span> <span class='ocrx_word' id='word_1_26' title='bbox 441 880 673 966; x_wconf 81' lang='lat' dir='ltr'>quinquaginta</span> <span class='ocrx_word' id='word_1_27' title='bbox 700 887 803 962; x_wconf 85' lang='lat' dir='ltr'>capta.</span> <span class='ocrx_word' id='word_1_28' title='bbox 856 876 1010 960; x_wconf 86' lang='lat' dir='ltr'>Ligures,</span> <span class='ocrx_word' id='word_1_29' title='bbox 1042 877 1197 959; x_wconf 87' lang='lat' dir='ltr'>reliquiae</span> <span class='ocrx_word' id='word_1_30' title='bbox 1223 877 1343 953; x_wconf 86' lang='lat' dir='ltr'>caedis,</span> <span class='ocrx_word' id='word_1_31' title='bbox 1373 877 1407 942; x_wconf 93' lang='lat' dir='ltr'>in</span> 
     </span>
     <span class='ocr_line' id='line_1_5' title="bbox 382 970 1408 1056; baseline -0.002 -18"><span class='ocrx_word' id='word_1_32' title='bbox 382 985 505 1040; x_wconf 88' lang='lat' dir='ltr'>montes</span> <span class='ocrx_word' id='word_1_33' title='bbox 522 973 709 1056; x_wconf 86' lang='lat' dir='ltr'>refugerunt</span> <span class='ocrx_word' id='word_1_34' title='bbox 721 970 903 1054; x_wconf 81' lang='lat' dir='ltr'>passimque</span> <span class='ocrx_word' id='word_1_35' title='bbox 922 970 1086 1055; x_wconf 86' lang='lat' dir='ltr'>populanti</span> <span class='ocrx_word' id='word_1_36' title='bbox 1104 970 1289 1053; x_wconf 90' lang='lat' dir='ltr'>campestris</span> <span class='ocrx_word' id='word_1_37' title='bbox 1312 993 1408 1055; x_wconf 88' lang='lat' dir='ltr'>agros</span> 
     </span>
    </p>
   </div>
   <div class='ocr_carea' id='block_1_3' title="bbox 228 1061 1410 1148">
    <p class='ocr_par' dir='ltr' id='par_1_3' title="bbox 228 1061 1410 1148">
     <span class='ocr_line' id='line_1_6' title="bbox 228 1061 1410 1148; baseline -0.004 -16"><span class='ocrx_word' id='word_1_38' title='bbox 228 1104 237 1119; x_wconf 86' lang='lat'><strong>·</strong></span> <span class='ocrx_word' id='word_1_39' title='bbox 335 1092 365 1137; x_wconf 82' lang='lat'>10</span> <span class='ocrx_word' id='word_1_40' title='bbox 385 1067 506 1133; x_wconf 87' lang='lat' dir='ltr'>consuli</span> <span class='ocrx_word' id='word_1_41' title='bbox 523 1067 611 1129; x_wconf 93' lang='lat' dir='ltr'>nulla</span> <span class='ocrx_word' id='word_1_42' title='bbox 627 1084 765 1146; x_wconf 90' lang='lat' dir='ltr'>usquam</span> <span class='ocrx_word' id='word_1_43' title='bbox 787 1074 1002 1148; x_wconf 89' lang='lat' dir='ltr'>apparuerunt</span> <span class='ocrx_word' id='word_1_44' title='bbox 1020 1087 1118 1127; x_wconf 88' lang='lat' dir='ltr'>anna.</span> <span class='ocrx_word' id='word_1_45' title='bbox 1155 1061 1310 1128; x_wconf 83' lang='lat' dir='ltr'>Claudius</span> <span class='ocrx_word' id='word_1_46' title='bbox 1329 1065 1410 1127; x_wconf 88' lang='lat' dir='ltr'>dua·</span> 
     </span>
    </p>
   </div>
   <div class='ocr_carea' id='block_1_4' title="bbox 249 1155 1408 1616">
    <p class='ocr_par' dir='ltr' id='par_1_4' title="bbox 381 1155 1408 1412">
     <span class='ocr_line' id='line_1_7' title="bbox 383 1155 1407 1244; baseline -0.004 -19"><span class='ocrx_word' id='word_1_47' title='bbox 383 1183 455 1225; x_wconf 91' lang='lat' dir='ltr'>rum</span> <span class='ocrx_word' id='word_1_48' title='bbox 476 1159 620 1244; x_wconf 86' lang='lat' dir='ltr'>gentium</span> <span class='ocrx_word' id='word_1_49' title='bbox 641 1177 706 1220; x_wconf 90' lang='lat' dir='ltr'>uno</span> <span class='ocrx_word' id='word_1_50' title='bbox 724 1177 808 1219; x_wconf 87' lang='lat' dir='ltr'>anno</span> <span class='ocrx_word' id='word_1_51' title='bbox 826 1156 943 1233; x_wconf 88' lang='lat' dir='ltr'>victor,</span> <span class='ocrx_word' id='word_1_52' title='bbox 962 1155 1102 1233; x_wconf 90' lang='lat' dir='ltr'>duabus,</span> <span class='ocrx_word' id='word_1_53' title='bbox 1121 1158 1207 1238; x_wconf 91' lang='lat' dir='ltr'>quod</span> <span class='ocrx_word' id='word_1_54' title='bbox 1224 1179 1296 1221; x_wconf 88' lang='lat' dir='ltr'>raro</span> <span class='ocrx_word' id='word_1_55' title='bbox 1315 1159 1407 1234; x_wconf 88' lang='lat' dir='ltr'>alius,</span> 
     </span>
     <span class='ocr_line' id='line_1_8' title="bbox 381 1246 1408 1335; baseline -0.001 -18"><span class='ocrx_word' id='word_1_56' title='bbox 381 1255 414 1318; x_wconf 91' lang='lat' dir='ltr'>in</span> <span class='ocrx_word' id='word_1_57' title='bbox 437 1255 617 1329; x_wconf 76' lang='lat' dir='ltr'>consulatu,</span> <span class='ocrx_word' id='word_1_58' title='bbox 643 1246 980 1335; x_wconf 69' lang='lat' dir='ltr'>paca[tis..„]tisque</span> <span class='ocrx_word' id='word_1_59' title='bbox 1002 1249 1173 1335; x_wconf 88' lang='lat' dir='ltr'>provinciis</span> <span class='ocrx_word' id='word_1_60' title='bbox 1195 1251 1332 1316; x_wconf 85' lang='lat' dir='ltr'><strong>Romam</strong></span> <span class='ocrx_word' id='word_1_61' title='bbox 1356 1274 1408 1316; x_wconf 90' lang='lat' dir='ltr'>re-</span> 
     </span>
     <span class='ocr_line' id='line_1_9' title="bbox 382 1349 485 1412; baseline -0.01 -1"><span class='ocrx_word' id='word_1_62' title='bbox 382 1349 485 1412; x_wconf 88' lang='lat' dir='ltr'>vertit.</span> 
     </span>
    </p>

    <p class='ocr_par' dir='ltr' id='par_1_5' title="bbox 249 1435 1407 1616">
     <span class='ocr_line' id='line_1_10' title="bbox 249 1435 1407 1524; baseline -0.003 -16"><span class='ocrx_word' id='word_1_63' title='bbox 249 1471 253 1479; x_wconf 93' lang='lat'><em>·</em></span> <span class='ocrx_word' id='word_1_64' title='bbox 349 1465 362 1508; x_wconf 90' lang='lat'>1</span> <span class='ocrx_word' id='word_1_65' title='bbox 446 1441 545 1504; x_wconf 90' lang='grc' dir='ltr'><strong>ΧΗΙ.</strong></span> <span class='ocrx_word' id='word_1_66' title='bbox 571 1439 726 1524; x_wconf 85' lang='lat' dir='ltr'>Prodigia</span> <span class='ocrx_word' id='word_1_67' title='bbox 740 1460 871 1503; x_wconf 88' lang='lat' dir='ltr'>eoanno</span> <span class='ocrx_word' id='word_1_68' title='bbox 885 1438 1038 1514; x_wconf 90' lang='lat' dir='ltr'>nuntiata,</span> <span class='ocrx_word' id='word_1_69' title='bbox 1052 1438 1086 1501; x_wconf 93' lang='lat' dir='ltr'>in</span> <span class='ocrx_word' id='word_1_70' title='bbox 1097 1435 1303 1502; x_wconf 87' lang='lat' dir='ltr'>Crustumino</span> <span class='ocrx_word' id='word_1_71' title='bbox 1314 1462 1407 1504; x_wconf 87' lang='lat' dir='ltr'>avem</span> 
     </span>
     <span class='ocr_line' id='line_1_11' title="bbox 383 1531 1406 1616; baseline 0 -18"><span class='ocrx_word' id='word_1_72' title='bbox 383 1535 578 1616; x_wconf 81' lang='lat' dir='ltr'>sanqualem,</span> <span class='ocrx_word' id='word_1_73' title='bbox 592 1554 688 1615; x_wconf 89' lang='lat' dir='ltr'>quam</span> <span class='ocrx_word' id='word_1_74' title='bbox 702 1542 827 1608; x_wconf 83' lang='lat' dir='ltr'>vocant,</span> <span class='ocrx_word' id='word_1_75' title='bbox 842 1554 967 1596; x_wconf 88' lang='lat' dir='ltr'>sacrum</span> <span class='ocrx_word' id='word_1_76' title='bbox 981 1531 1120 1615; x_wconf 86' lang='lat' dir='ltr'>lapidem</span> <span class='ocrx_word' id='word_1_77' title='bbox 1133 1542 1235 1596; x_wconf 88' lang='lat' dir='ltr'>rostro</span> <span class='ocrx_word' id='word_1_78' title='bbox 1245 1533 1406 1610; x_wconf 89' lang='lat' dir='ltr'>cecidisse,</span> 
     </span>
    </p>
   </div>
   <div class='ocr_carea' id='block_1_5' title="bbox 245 1623 1407 1710">
    <p class='ocr_par' dir='ltr' id='par_1_6' title="bbox 245 1623 1407 1710">
     <span class='ocr_line' id='line_1_12' title="bbox 245 1623 1407 1710; baseline -0.003 -14"><span class='ocrx_word' id='word_1_79' title='bbox 245 1623 248 1628; x_wconf 37' lang='lat'>¹</span> <span class='ocrx_word' id='word_1_80' title='bbox 351 1651 365 1696; x_wconf 78' lang='lat' dir='ltr'>a</span> <span class='ocrx_word' id='word_1_81' title='bbox 384 1629 498 1693; x_wconf 88' lang='lat' dir='ltr'>bovem</span> <span class='ocrx_word' id='word_1_82' title='bbox 515 1627 549 1691; x_wconf 92' lang='lat' dir='ltr'>in</span> <span class='ocrx_word' id='word_1_83' title='bbox 568 1624 746 1710; x_wconf 83' lang='lat' dir='ltr'>Campania</span> <span class='ocrx_word' id='word_1_84' title='bbox 762 1627 917 1700; x_wconf 90' lang='lat' dir='ltr'>locutam,</span> <span class='ocrx_word' id='word_1_85' title='bbox 935 1647 1067 1689; x_wconf 89' lang='lat' dir='ltr'>vaccam</span> <span class='ocrx_word' id='word_1_86' title='bbox 1086 1647 1218 1690; x_wconf 86' lang='lat' dir='ltr'>aeneam</span> <span class='ocrx_word' id='word_1_87' title='bbox 1238 1625 1407 1709; x_wconf 86' lang='lat' dir='ltr'>Syracusis</span> 
     </span>
    </p>
   </div>
   <div class='ocr_carea' id='block_1_6' title="bbox 291 1719 1409 4338">
    <p class='ocr_par' dir='ltr' id='par_1_7' title="bbox 385 1719 1406 1806">
     <span class='ocr_line' id='line_1_13' title="bbox 385 1719 1406 1806; baseline 0.001 -21"><span class='ocrx_word' id='word_1_88' title='bbox 385 1721 425 1786; x_wconf 90' lang='lat' dir='ltr'>ab</span> <span class='ocrx_word' id='word_1_89' title='bbox 440 1721 558 1806; x_wconf 84' lang='lat' dir='ltr'>agresti</span> <span class='ocrx_word' id='word_1_90' title='bbox 576 1732 677 1794; x_wconf 88' lang='lat' dir='ltr'>tauro,</span> <span class='ocrx_word' id='word_1_91' title='bbox 696 1719 751 1802; x_wconf 91' lang='lat' dir='ltr'>qui</span> <span class='ocrx_word' id='word_1_92' title='bbox 769 1740 884 1803; x_wconf 89' lang='lat' dir='ltr'>pecore</span> <span class='ocrx_word' id='word_1_93' title='bbox 902 1719 1089 1795; x_wconf 87' lang='lat' dir='ltr'>aberrasset,</span> <span class='ocrx_word' id='word_1_94' title='bbox 1107 1719 1219 1782; x_wconf 89' lang='lat' dir='ltr'>initam</span> <span class='ocrx_word' id='word_1_95' title='bbox 1236 1741 1274 1783; x_wconf 88' lang='lat' dir='ltr'>ac</span> <span class='ocrx_word' id='word_1_96' title='bbox 1288 1721 1406 1786; x_wconf 90' lang='lat' dir='ltr'>semine</span> 
     </span>
    </p>

    <p class='ocr_par' dir='ltr' id='par_1_8' title="bbox 350 1810 1407 2179">
     <span class='ocr_line' id='line_1_14' title="bbox 350 1810 1407 1900; baseline -0.006 -18"><span class='ocrx_word' id='word_1_97' title='bbox 350 1837 364 1882; x_wconf 84' lang='lat'><strong>3</strong></span> <span class='ocrx_word' id='word_1_98' title='bbox 384 1837 554 1900; x_wconf 89' lang='lat' dir='ltr'>aspersam.</span> <span class='ocrx_word' id='word_1_99' title='bbox 599 1814 632 1876; x_wconf 92' lang='lat' dir='ltr'>in</span> <span class='ocrx_word' id='word_1_100' title='bbox 651 1810 858 1877; x_wconf 87' lang='lat' dir='ltr'>Crustumino</span> <span class='ocrx_word' id='word_1_101' title='bbox 881 1813 965 1876; x_wconf 90' lang='lat' dir='ltr'>diem</span> <span class='ocrx_word' id='word_1_102' title='bbox 983 1836 1083 1876; x_wconf 92' lang='lat' dir='ltr'>unum</span> <span class='ocrx_word' id='word_1_103' title='bbox 1104 1812 1225 1896; x_wconf 92' lang='lat' dir='ltr'>inipso</span> <span class='ocrx_word' id='word_1_104' title='bbox 1243 1814 1312 1878; x_wconf 92' lang='lat' dir='ltr'>loco</span> <span class='ocrx_word' id='word_1_105' title='bbox 1331 1836 1407 1898; x_wconf 90' lang='lat' dir='ltr'>sup-</span> 
     </span>
     <span class='ocr_line' id='line_1_15' title="bbox 383 1904 1407 1993; baseline -0.002 -20"><span class='ocrx_word' id='word_1_106' title='bbox 383 1909 511 1993; x_wconf 83' lang='lat' dir='ltr'>plicatio</span> <span class='ocrx_word' id='word_1_107' title='bbox 528 1908 590 1971; x_wconf 84' lang='lat' dir='ltr'>fuit</span> <span class='ocrx_word' id='word_1_108' title='bbox 608 1918 640 1972; x_wconf 85' lang='lat' dir='ltr'>et</span> <span class='ocrx_word' id='word_1_109' title='bbox 656 1907 690 1970; x_wconf 91' lang='lat' dir='ltr'>in</span> <span class='ocrx_word' id='word_1_110' title='bbox 705 1904 883 1990; x_wconf 83' lang='lat' dir='ltr'>Campania</span> <span class='ocrx_word' id='word_1_111' title='bbox 901 1906 959 1969; x_wconf 88' lang='lat' dir='ltr'>bos</span> <span class='ocrx_word' id='word_1_112' title='bbox 978 1907 1091 1970; x_wconf 91' lang='lat' dir='ltr'>alenda</span> <span class='ocrx_word' id='word_1_113' title='bbox 1109 1906 1237 1991; x_wconf 89' lang='lat' dir='ltr'>publice</span> <span class='ocrx_word' id='word_1_114' title='bbox 1255 1908 1329 1970; x_wconf 87' lang='lat' dir='ltr'>data</span> <span class='ocrx_word' id='word_1_115' title='bbox 1344 1906 1407 1990; x_wconf 86' lang='lat' dir='ltr'>Sy-</span> 
     </span>
     <span class='ocr_line' id='line_1_16' title="bbox 383 1999 1407 2086; baseline -0.002 -20"><span class='ocrx_word' id='word_1_116' title='bbox 383 2023 638 2085; x_wconf 86' lang='lat' dir='ltr'>racusanumque</span> <span class='ocrx_word' id='word_1_117' title='bbox 652 2000 833 2086; x_wconf 86' lang='lat' dir='ltr'>prodigium</span> <span class='ocrx_word' id='word_1_118' title='bbox 847 2001 1009 2084; x_wconf 84' lang='lat' dir='ltr'>expiatum</span> <span class='ocrx_word' id='word_1_119' title='bbox 1023 2000 1116 2064; x_wconf 90' lang='lat' dir='ltr'>editis</span> <span class='ocrx_word' id='word_1_120' title='bbox 1130 2000 1171 2063; x_wconf 90' lang='lat' dir='ltr'>ab</span> <span class='ocrx_word' id='word_1_121' title='bbox 1185 1999 1407 2084; x_wconf 83' lang='lat' dir='ltr'>haruspicibus</span> 
     </span>
     <span class='ocr_line' id='line_1_17' title="bbox 384 2095 835 2179; baseline -0.002 -21"><span class='ocrx_word' id='word_1_122' title='bbox 384 2097 443 2172; x_wconf 77' lang='lat' dir='ltr'>(lis,</span> <span class='ocrx_word' id='word_1_123' title='bbox 460 2096 576 2177; x_wconf 89' lang='lat' dir='ltr'>quibus</span> <span class='ocrx_word' id='word_1_124' title='bbox 595 2095 835 2179; x_wconf 82' lang='lat' dir='ltr'>supplicaretur.</span> 
     </span>
    </p>

    <p class='ocr_par' dir='ltr' id='par_1_9' title="bbox 349 2185 1407 2458">
     <span class='ocr_line' id='line_1_18' title="bbox 349 2185 1407 2264; baseline -0.005 -8"><span class='ocrx_word' id='word_1_125' title='bbox 349 2213 365 2256; x_wconf 82' lang='grc'><strong>4</strong></span> <span class='ocrx_word' id='word_1_126' title='bbox 447 2189 600 2254; x_wconf 85' lang='lat' dir='ltr'>Pontifex</span> <span class='ocrx_word' id='word_1_127' title='bbox 619 2211 656 2252; x_wconf 89' lang='lat' dir='ltr'>eo</span> <span class='ocrx_word' id='word_1_128' title='bbox 675 2210 758 2252; x_wconf 89' lang='lat' dir='ltr'>anno</span> <span class='ocrx_word' id='word_1_129' title='bbox 776 2199 919 2251; x_wconf 92' lang='lat' dir='ltr'>mortuus</span> <span class='ocrx_word' id='word_1_130' title='bbox 939 2199 985 2252; x_wconf 88' lang='lat' dir='ltr'>est</span> <span class='ocrx_word' id='word_1_131' title='bbox 999 2188 1047 2251; x_wconf 92' lang='lat' dir='ltr'>M.</span> <span class='ocrx_word' id='word_1_132' title='bbox 1060 2185 1215 2252; x_wconf 83' lang='lat' dir='ltr'>Claudius</span> <span class='ocrx_word' id='word_1_133' title='bbox 1223 2187 1407 2264; x_wconf 90' lang='lat' dir='ltr'>Marcellus,</span> 
     </span>
     <span class='ocr_line' id='line_1_19' title="bbox 383 2280 1405 2364; baseline -0.002 -18"><span class='ocrx_word' id='word_1_134' title='bbox 383 2282 438 2364; x_wconf 89' lang='lat' dir='ltr'>qui</span> <span class='ocrx_word' id='word_1_135' title='bbox 464 2283 575 2346; x_wconf 91' lang='lat' dir='ltr'>consul</span> <span class='ocrx_word' id='word_1_136' title='bbox 601 2302 775 2361; x_wconf 88' lang='lat' dir='ltr'>censorque</span> <span class='ocrx_word' id='word_1_137' title='bbox 801 2281 915 2344; x_wconf 88' lang='lat' dir='ltr'>fuerat.</span> <span class='ocrx_word' id='word_1_138' title='bbox 964 2282 998 2344; x_wconf 94' lang='lat' dir='ltr'>in</span> <span class='ocrx_word' id='word_1_139' title='bbox 1026 2282 1093 2346; x_wconf 92' lang='lat' dir='ltr'>eius</span> <span class='ocrx_word' id='word_1_140' title='bbox 1119 2280 1226 2344; x_wconf 89' lang='lat' dir='ltr'>locum</span> <span class='ocrx_word' id='word_1_141' title='bbox 1253 2281 1405 2345; x_wconf 88' lang='lat' dir='ltr'>suffectus</span> 
     </span>
     <span class='ocr_line' id='line_1_20' title="bbox 383 2373 1406 2458; baseline -0.001 -20"><span class='ocrx_word' id='word_1_142' title='bbox 383 2386 432 2438; x_wconf 88' lang='lat' dir='ltr'>est</span> <span class='ocrx_word' id='word_1_143' title='bbox 448 2374 592 2458; x_wconf 86' lang='lat' dir='ltr'>pontifex</span> <span class='ocrx_word' id='word_1_144' title='bbox 609 2375 692 2436; x_wconf 92' lang='lat' dir='ltr'>filius</span> <span class='ocrx_word' id='word_1_145' title='bbox 711 2375 779 2436; x_wconf 88' lang='lat' dir='ltr'>eius</span> <span class='ocrx_word' id='word_1_146' title='bbox 797 2375 845 2436; x_wconf 87' lang='lat' dir='ltr'>M.</span> <span class='ocrx_word' id='word_1_147' title='bbox 864 2373 1048 2437; x_wconf 89' lang='lat' dir='ltr'>Marcellus.</span> <span class='ocrx_word' id='word_1_148' title='bbox 1086 2385 1118 2438; x_wconf 92' lang='lat' dir='ltr'>et</span> <span class='ocrx_word' id='word_1_149' title='bbox 1135 2374 1265 2438; x_wconf 90' lang='lat' dir='ltr'>Lunam</span> <span class='ocrx_word' id='word_1_150' title='bbox 1284 2374 1406 2438; x_wconf 89' lang='lat' dir='ltr'>colonia</span> 
     </span>
    </p>

    <p class='ocr_par' dir='ltr' id='par_1_10' title="bbox 291 2466 1406 2546">
     <span class='ocr_line' id='line_1_21' title="bbox 291 2466 1406 2546; baseline 0 -14"><span class='ocrx_word' id='word_1_151' title='bbox 291 2543 293 2546; x_wconf 12' lang='lat' dir='ltr'>v</span> <span class='ocrx_word' id='word_1_152' title='bbox 384 2468 495 2533; x_wconf 87' lang='lat' dir='ltr'>eodem</span> <span class='ocrx_word' id='word_1_153' title='bbox 514 2489 596 2530; x_wconf 89' lang='lat' dir='ltr'>anno</span> <span class='ocrx_word' id='word_1_154' title='bbox 615 2466 678 2532; x_wconf 92' lang='lat' dir='ltr'>duo</span> <span class='ocrx_word' id='word_1_155' title='bbox 696 2467 783 2530; x_wconf 90' lang='lat' dir='ltr'>milia</span> <span class='ocrx_word' id='word_1_156' title='bbox 801 2466 918 2531; x_wconf 87' lang='lat' dir='ltr'>civium</span> <span class='ocrx_word' id='word_1_157' title='bbox 932 2467 1150 2533; x_wconf 85' lang='lat' dir='ltr'>Romanorum</span> <span class='ocrx_word' id='word_1_158' title='bbox 1167 2479 1242 2532; x_wconf 90' lang='lat' dir='ltr'>sunt</span> <span class='ocrx_word' id='word_1_159' title='bbox 1260 2468 1406 2533; x_wconf 88' lang='lat' dir='ltr'>deducta.</span> 
     </span>
    </p>

    <p class='ocr_par' dir='ltr' id='par_1_11' title="bbox 349 2559 1407 2928">
     <span class='ocr_line' id='line_1_22' title="bbox 349 2559 1407 2647; baseline 0 -21"><span class='ocrx_word' id='word_1_160' title='bbox 349 2586 364 2632; x_wconf 86' lang='lat'>5</span> <span class='ocrx_word' id='word_1_161' title='bbox 384 2561 538 2626; x_wconf 86' lang='lat' dir='ltr'>triumviri</span> <span class='ocrx_word' id='word_1_162' title='bbox 556 2560 756 2625; x_wconf 84' lang='lat' dir='ltr'>deduxerunt</span> <span class='ocrx_word' id='word_1_163' title='bbox 771 2561 811 2624; x_wconf 86' lang='lat' dir='ltr'>P.</span> <span class='ocrx_word' id='word_1_164' title='bbox 829 2562 958 2638; x_wconf 88' lang='lat' dir='ltr'>Aelius,</span> <span class='ocrx_word' id='word_1_165' title='bbox 978 2560 1041 2646; x_wconf 89' lang='lat' dir='ltr'>[M.</span> <span class='ocrx_word' id='word_1_166' title='bbox 1060 2559 1233 2646; x_wconf 86' lang='lat' dir='ltr'>Aemilius]</span> <span class='ocrx_word' id='word_1_167' title='bbox 1252 2562 1407 2647; x_wconf 86' lang='lat' dir='ltr'>Lepidus,</span> 
     </span>
     <span class='ocr_line' id='line_1_23' title="bbox 384 2655 1407 2741; baseline 0 -20"><span class='ocrx_word' id='word_1_168' title='bbox 384 2655 445 2722; x_wconf 86' lang='lat' dir='ltr'>Cn.</span> <span class='ocrx_word' id='word_1_169' title='bbox 465 2655 604 2722; x_wconf 85' lang='lat' dir='ltr'>Sicinius</span> <span class='ocrx_word' id='word_1_170' title='bbox 610 2680 619 2732; x_wconf 85' lang='lat'><em>3</em></span> <span class='ocrx_word' id='word_1_171' title='bbox 643 2655 870 2741; x_wconf 87' lang='lat' dir='ltr'>quinquagena</span> <span class='ocrx_word' id='word_1_172' title='bbox 887 2669 920 2719; x_wconf 90' lang='lat' dir='ltr'>et</span> <span class='ocrx_word' id='word_1_173' title='bbox 942 2656 1067 2740; x_wconf 83' lang='lat' dir='ltr'>singula</span> <span class='ocrx_word' id='word_1_174' title='bbox 1083 2656 1195 2740; x_wconf 87' lang='lat' dir='ltr'>iugera</span> <span class='ocrx_word' id='word_1_175' title='bbox 1213 2667 1245 2720; x_wconf 93' lang='lat' dir='ltr'>et</span> <span class='ocrx_word' id='word_1_176' title='bbox 1261 2657 1407 2721; x_wconf 88' lang='lat' dir='ltr'>semisses</span> 
     </span>
     <span class='ocr_line' id='line_1_24' title="bbox 384 2749 1407 2837; baseline -0.001 -22"><span class='ocrx_word' id='word_1_177' title='bbox 384 2753 453 2837; x_wconf 86' lang='lat' dir='ltr'>agri</span> <span class='ocrx_word' id='word_1_178' title='bbox 469 2753 504 2815; x_wconf 94' lang='lat' dir='ltr'>in</span> <span class='ocrx_word' id='word_1_179' title='bbox 522 2752 663 2837; x_wconf 86' lang='lat' dir='ltr'>singulos</span> <span class='ocrx_word' id='word_1_180' title='bbox 682 2752 748 2815; x_wconf 91' lang='lat' dir='ltr'>dati</span> <span class='ocrx_word' id='word_1_181' title='bbox 766 2763 849 2816; x_wconf 91' lang='lat' dir='ltr'>sunt.</span> <span class='ocrx_word' id='word_1_182' title='bbox 878 2752 917 2815; x_wconf 94' lang='lat' dir='ltr'>de</span> <span class='ocrx_word' id='word_1_183' title='bbox 927 2750 1103 2835; x_wconf 88' lang='lat' dir='ltr'>Liguribus</span> <span class='ocrx_word' id='word_1_184' title='bbox 1122 2764 1233 2835; x_wconf 89' lang='lat' dir='ltr'>captus</span> <span class='ocrx_word' id='word_1_185' title='bbox 1253 2749 1310 2836; x_wconf 91' lang='lat' dir='ltr'>[is]</span> <span class='ocrx_word' id='word_1_186' title='bbox 1329 2773 1407 2835; x_wconf 85' lang='lat' dir='ltr'>ager</span> 
     </span>
     <span class='ocr_line' id='line_1_25' title="bbox 383 2844 1208 2928; baseline -0.004 -18"><span class='ocrx_word' id='word_1_187' title='bbox 383 2857 465 2922; x_wconf 84' lang='lat' dir='ltr'>erat3</span> <span class='ocrx_word' id='word_1_188' title='bbox 483 2845 692 2909; x_wconf 84' lang='lat' dir='ltr'>Etruscorum</span> <span class='ocrx_word' id='word_1_189' title='bbox 710 2856 783 2909; x_wconf 88' lang='lat' dir='ltr'>ante</span> <span class='ocrx_word' id='word_1_190' title='bbox 801 2867 898 2928; x_wconf 89' lang='lat' dir='ltr'>quam</span> <span class='ocrx_word' id='word_1_191' title='bbox 916 2845 1077 2928; x_wconf 83' lang='lat' dir='ltr'>Ligurum</span> <span class='ocrx_word' id='word_1_192' title='bbox 1094 2844 1208 2909; x_wconf 88' lang='lat' dir='ltr'>fuerat.</span> 
     </span>
    </p>

    <p class='ocr_par' dir='ltr' id='par_1_12' title="bbox 350 2937 1408 3211">
     <span class='ocr_line' id='line_1_26' title="bbox 350 2937 1408 3015; baseline -0.002 -12"><span class='ocrx_word' id='word_1_193' title='bbox 350 2959 364 3003; x_wconf 82' lang='lat' dir='ltr'>o</span> <span class='ocrx_word' id='word_1_194' title='bbox 449 2937 488 3002; x_wconf 81' lang='lat' dir='ltr'>C.</span> <span class='ocrx_word' id='word_1_195' title='bbox 508 2937 664 3001; x_wconf 88' lang='lat' dir='ltr'>Claudius</span> <span class='ocrx_word' id='word_1_196' title='bbox 682 2940 793 3001; x_wconf 87' lang='lat' dir='ltr'>consul</span> <span class='ocrx_word' id='word_1_197' title='bbox 815 2940 857 3001; x_wconf 90' lang='lat' dir='ltr'>ad</span> <span class='ocrx_word' id='word_1_198' title='bbox 875 2939 987 3001; x_wconf 91' lang='lat' dir='ltr'>urbem</span> <span class='ocrx_word' id='word_1_199' title='bbox 1009 2938 1110 3014; x_wconf 86' lang='lat' dir='ltr'>venit3</span> <span class='ocrx_word' id='word_1_200' title='bbox 1135 2939 1197 3015; x_wconf 90' lang='lat' dir='ltr'>cui,</span> <span class='ocrx_word' id='word_1_201' title='bbox 1217 2961 1289 3002; x_wconf 89' lang='lat' dir='ltr'>cum</span> <span class='ocrx_word' id='word_1_202' title='bbox 1306 2938 1340 3001; x_wconf 91' lang='lat' dir='ltr'>in</span> <span class='ocrx_word' id='word_1_203' title='bbox 1358 2960 1408 3001; x_wconf 91' lang='lat' dir='ltr'>se-</span> 
     </span>
     <span class='ocr_line' id='line_1_27' title="bbox 383 3030 1407 3117; baseline 0 -21"><span class='ocrx_word' id='word_1_204' title='bbox 383 3044 461 3097; x_wconf 89' lang='lat' dir='ltr'>natu</span> <span class='ocrx_word' id='word_1_205' title='bbox 487 3032 527 3095; x_wconf 92' lang='lat' dir='ltr'>de</span> <span class='ocrx_word' id='word_1_206' title='bbox 552 3032 648 3095; x_wconf 90' lang='lat' dir='ltr'>rebus</span> <span class='ocrx_word' id='word_1_207' title='bbox 670 3031 704 3094; x_wconf 91' lang='lat' dir='ltr'>in</span> <span class='ocrx_word' id='word_1_208' title='bbox 727 3032 850 3096; x_wconf 88' lang='lat' dir='ltr'>Histria</span> <span class='ocrx_word' id='word_1_209' title='bbox 867 3030 1107 3116; x_wconf 81' lang='lat' dir='ltr'>Liguribusque</span> <span class='ocrx_word' id='word_1_210' title='bbox 1135 3055 1286 3116; x_wconf 89' lang='lat' dir='ltr'>prospere</span> <span class='ocrx_word' id='word_1_211' title='bbox 1307 3032 1407 3117; x_wconf 87' lang='lat' dir='ltr'>gestis</span> 
     </span>
     <span class='ocr_line' id='line_1_28' title="bbox 384 3122 1406 3211; baseline -0.001 -22"><span class='ocrx_word' id='word_1_212' title='bbox 384 3122 629 3211; x_wconf 88' lang='lat' dir='ltr'>[disseruisset],</span> <span class='ocrx_word' id='word_1_213' title='bbox 647 3126 821 3208; x_wconf 91' lang='lat' dir='ltr'>postulanti</span> <span class='ocrx_word' id='word_1_214' title='bbox 838 3126 1018 3209; x_wconf 91' lang='lat' dir='ltr'>triumphus</span> <span class='ocrx_word' id='word_1_215' title='bbox 1037 3137 1086 3190; x_wconf 90' lang='lat' dir='ltr'>est</span> <span class='ocrx_word' id='word_1_216' title='bbox 1103 3127 1258 3191; x_wconf 87' lang='lat' dir='ltr'>decretus.</span> <span class='ocrx_word' id='word_1_217' title='bbox 1295 3128 1406 3190; x_wconf 90' lang='lat' dir='ltr'>trium·</span> 
     </span>
    </p>

    <p class='ocr_par' dir='ltr' id='par_1_13' title="bbox 352 3217 1407 3588">
     <span class='ocr_line' id='line_1_29' title="bbox 352 3217 1406 3304; baseline -0.002 -21"><span class='ocrx_word' id='word_1_218' title='bbox 352 3240 364 3283; x_wconf 82' lang='lat'><strong>7</strong></span> <span class='ocrx_word' id='word_1_219' title='bbox 383 3218 493 3304; x_wconf 86' lang='lat' dir='ltr'>phavit</span> <span class='ocrx_word' id='word_1_220' title='bbox 509 3217 543 3281; x_wconf 91' lang='lat' dir='ltr'>in</span> <span class='ocrx_word' id='word_1_221' title='bbox 559 3218 748 3303; x_wconf 86' lang='lat' dir='ltr'>magistratu</span> <span class='ocrx_word' id='word_1_222' title='bbox 767 3219 806 3284; x_wconf 89' lang='lat' dir='ltr'>de</span> <span class='ocrx_word' id='word_1_223' title='bbox 825 3220 950 3283; x_wconf 90' lang='lat' dir='ltr'>duabus</span> <span class='ocrx_word' id='word_1_224' title='bbox 968 3220 1062 3283; x_wconf 91' lang='lat' dir='ltr'>simul</span> <span class='ocrx_word' id='word_1_225' title='bbox 1080 3220 1238 3304; x_wconf 86' lang='lat' dir='ltr'>gentibus.</span> <span class='ocrx_word' id='word_1_226' title='bbox 1283 3220 1355 3282; x_wconf 92' lang='lat' dir='ltr'>tulit</span> <span class='ocrx_word' id='word_1_227' title='bbox 1372 3220 1406 3282; x_wconf 93' lang='lat' dir='ltr'>in</span> 
     </span>
     <span class='ocr_line' id='line_1_30' title="bbox 384 3311 1407 3398; baseline -0.004 -21"><span class='ocrx_word' id='word_1_228' title='bbox 384 3334 422 3377; x_wconf 95' lang='lat' dir='ltr'>eo</span> <span class='ocrx_word' id='word_1_229' title='bbox 440 3312 599 3396; x_wconf 88' lang='lat' dir='ltr'>triumpho</span> <span class='ocrx_word' id='word_1_230' title='bbox 618 3313 782 3376; x_wconf 79' lang='lat' dir='ltr'>denaridm</span> <span class='ocrx_word' id='word_1_231' title='bbox 804 3324 944 3377; x_wconf 88' lang='lat' dir='ltr'>trecenta</span> <span class='ocrx_word' id='word_1_232' title='bbox 962 3313 1050 3377; x_wconf 92' lang='lat' dir='ltr'>milia</span> <span class='ocrx_word' id='word_1_233' title='bbox 1068 3325 1189 3398; x_wconf 90' lang='lat' dir='ltr'>septem</span> <span class='ocrx_word' id='word_1_234' title='bbox 1207 3324 1239 3378; x_wconf 91' lang='lat' dir='ltr'>et</span> <span class='ocrx_word' id='word_1_235' title='bbox 1260 3311 1407 3375; x_wconf 88' lang='lat' dir='ltr'>victoria·</span> 
     </span>
     <span class='ocr_line' id='line_1_31' title="bbox 382 3405 1406 3493; baseline -0.002 -23"><span class='ocrx_word' id='word_1_236' title='bbox 382 3411 450 3470; x_wconf 76' lang='lat' dir='ltr'>tum</span> <span class='ocrx_word' id='word_1_237' title='bbox 465 3407 627 3491; x_wconf 88' lang='lat' dir='ltr'>octoginta</span> <span class='ocrx_word' id='word_1_238' title='bbox 643 3406 783 3489; x_wconf 91' lang='lat' dir='ltr'>quinque</span> <span class='ocrx_word' id='word_1_239' title='bbox 801 3408 889 3471; x_wconf 90' lang='lat' dir='ltr'>milia</span> <span class='ocrx_word' id='word_1_240' title='bbox 903 3409 1121 3493; x_wconf 89' lang='lat' dir='ltr'>septingentos</span> <span class='ocrx_word' id='word_1_241' title='bbox 1136 3409 1226 3473; x_wconf 86' lang='lat' dir='ltr'>duos.</span> <span class='ocrx_word' id='word_1_242' title='bbox 1253 3405 1406 3469; x_wconf 90' lang='lat' dir='ltr'>militibus</span> 
     </span>
     <span class='ocr_line' id='line_1_32' title="bbox 382 3498 1406 3588; baseline -0.006 -21"><span class='ocrx_word' id='word_1_243' title='bbox 382 3501 416 3567; x_wconf 89' lang='lat' dir='ltr'>in</span> <span class='ocrx_word' id='word_1_244' title='bbox 443 3500 584 3585; x_wconf 88' lang='lat' dir='ltr'>singulos</span> <span class='ocrx_word' id='word_1_245' title='bbox 611 3500 697 3583; x_wconf 86' lang='lat' dir='ltr'>quini</span> <span class='ocrx_word' id='word_1_246' title='bbox 725 3502 799 3566; x_wconf 90' lang='lat' dir='ltr'>deni</span> <span class='ocrx_word' id='word_1_247' title='bbox 825 3501 935 3566; x_wconf 88' lang='lat' dir='ltr'>denari</span> <span class='ocrx_word' id='word_1_248' title='bbox 961 3502 1041 3579; x_wconf 89' lang='lat' dir='ltr'>dati,</span> <span class='ocrx_word' id='word_1_249' title='bbox 1075 3503 1194 3588; x_wconf 84' lang='lat' dir='ltr'>duplex</span> <span class='ocrx_word' id='word_1_250' title='bbox 1220 3498 1406 3574; x_wconf 91' lang='lat' dir='ltr'>centurioni,</span> 
     </span>
    </p>

    <p class='ocr_par' dir='ltr' id='par_1_14' title="bbox 350 3594 1406 3771">
     <span class='ocr_line' id='line_1_33' title="bbox 350 3594 1406 3680; baseline -0.004 -21"><span class='ocrx_word' id='word_1_251' title='bbox 350 3614 364 3659; x_wconf 80' lang='lat' dir='ltr'>s</span> <span class='ocrx_word' id='word_1_252' title='bbox 382 3595 497 3679; x_wconf 86' lang='lat' dir='ltr'>triplex</span> <span class='ocrx_word' id='word_1_253' title='bbox 515 3594 623 3678; x_wconf 73' lang='lat' dir='ltr'>equiti·</span> <span class='ocrx_word' id='word_1_254' title='bbox 651 3595 744 3660; x_wconf 90' lang='lat' dir='ltr'>sociis</span> <span class='ocrx_word' id='word_1_255' title='bbox 762 3595 894 3660; x_wconf 89' lang='lat' dir='ltr'>dimidio</span> <span class='ocrx_word' id='word_1_256' title='bbox 908 3596 1013 3660; x_wconf 92' lang='lat' dir='ltr'>minus</span> <span class='ocrx_word' id='word_1_257' title='bbox 1032 3618 1128 3680; x_wconf 91' lang='lat' dir='ltr'>quam</span> <span class='ocrx_word' id='word_1_258' title='bbox 1146 3595 1269 3661; x_wconf 79' lang='lat' dir='ltr'>civibus</span> <span class='ocrx_word' id='word_1_259' title='bbox 1287 3595 1406 3659; x_wconf 86' lang='lat' dir='ltr'>datum.</span> 
     </span>
     <span class='ocr_line' id='line_1_34' title="bbox 382 3687 1390 3771; baseline -0.001 -21"><span class='ocrx_word' id='word_1_260' title='bbox 382 3688 490 3771; x_wconf 90' lang='lat' dir='ltr'>itaque</span> <span class='ocrx_word' id='word_1_261' title='bbox 507 3687 605 3765; x_wconf 87' lang='lat' dir='ltr'>taciti,</span> <span class='ocrx_word' id='word_1_262' title='bbox 623 3700 659 3753; x_wconf 90' lang='lat' dir='ltr'>ut</span> <span class='ocrx_word' id='word_1_263' title='bbox 675 3688 772 3753; x_wconf 88' lang='lat' dir='ltr'>iratos</span> <span class='ocrx_word' id='word_1_264' title='bbox 790 3711 859 3754; x_wconf 89' lang='lat' dir='ltr'>esse</span> <span class='ocrx_word' id='word_1_265' title='bbox 878 3690 1021 3767; x_wconf 87' lang='lat' dir='ltr'>sentires,</span> <span class='ocrx_word' id='word_1_266' title='bbox 1041 3692 1142 3755; x_wconf 88' lang='lat' dir='ltr'>secuti</span> <span class='ocrx_word' id='word_1_267' title='bbox 1160 3702 1234 3756; x_wconf 91' lang='lat' dir='ltr'>sunt</span> <span class='ocrx_word' id='word_1_268' title='bbox 1252 3712 1390 3754; x_wconf 89' lang='lat' dir='ltr'>currum.</span> 
     </span>
    </p>

    <p class='ocr_par' dir='ltr' id='par_1_15' title="bbox 353 3780 1409 4056">
     <span class='ocr_line' id='line_1_35' title="bbox 353 3780 1408 3869; baseline -0.001 -26"><span class='ocrx_word' id='word_1_269' title='bbox 353 3799 365 3842; x_wconf 91' lang='lat'>1</span> <span class='ocrx_word' id='word_1_270' title='bbox 448 3782 566 3846; x_wconf 88' lang='lat' dir='ltr'>Xllll.</span> <span class='ocrx_word' id='word_1_271' title='bbox 601 3780 686 3846; x_wconf 83' lang='lat' dir='ltr'>Cum</span> <span class='ocrx_word' id='word_1_272' title='bbox 711 3784 739 3847; x_wconf 93' lang='lat' dir='ltr'>is</span> <span class='ocrx_word' id='word_1_273' title='bbox 766 3783 945 3868; x_wconf 85' lang='lat' dir='ltr'>triumphus</span> <span class='ocrx_word' id='word_1_274' title='bbox 973 3784 1012 3849; x_wconf 93' lang='lat' dir='ltr'>de</span> <span class='ocrx_word' id='word_1_275' title='bbox 1039 3784 1216 3869; x_wconf 85' lang='lat' dir='ltr'>Liguribus</span> <span class='ocrx_word' id='word_1_276' title='bbox 1243 3784 1408 3866; x_wconf 89' lang='lat' dir='ltr'>agebatur,</span> 
     </span>
     <span class='ocr_line' id='line_1_36' title="bbox 384 3871 1409 3959; baseline -0.004 -22"><span class='ocrx_word' id='word_1_277' title='bbox 384 3871 524 3954; x_wconf 83' lang='lat' dir='ltr'>Ligures</span> <span class='ocrx_word' id='word_1_278' title='bbox 541 3886 710 3959; x_wconf 87' lang='lat' dir='ltr'>postquam</span> <span class='ocrx_word' id='word_1_279' title='bbox 729 3889 896 3941; x_wconf 90' lang='lat' dir='ltr'>senserunt</span> <span class='ocrx_word' id='word_1_280' title='bbox 912 3899 978 3941; x_wconf 91' lang='lat' dir='ltr'>non</span> <span class='ocrx_word' id='word_1_281' title='bbox 995 3880 1194 3943; x_wconf 91' lang='lat' dir='ltr'>consularem</span> <span class='ocrx_word' id='word_1_282' title='bbox 1213 3885 1335 3939; x_wconf 88' lang='lat' dir='ltr'>tantum</span> <span class='ocrx_word' id='word_1_283' title='bbox 1353 3894 1409 3934; x_wconf 89' lang='lat' dir='ltr'>ex·</span> 
     </span>
     <span class='ocr_line' id='line_1_37' title="bbox 385 3962 1407 4056; baseline 0.003 -30"><span class='ocrx_word' id='word_1_284' title='bbox 385 3963 516 4028; x_wconf 87' lang='lat' dir='ltr'>ercitum</span> <span class='ocrx_word' id='word_1_285' title='bbox 534 3968 670 4032; x_wconf 85' lang='lat' dir='ltr'>Romam</span> <span class='ocrx_word' id='word_1_286' title='bbox 689 3970 873 4047; x_wconf 88' lang='lat' dir='ltr'>abductum,</span> <span class='ocrx_word' id='word_1_287' title='bbox 892 3971 948 4035; x_wconf 89' lang='lat' dir='ltr'>sed</span> <span class='ocrx_word' id='word_1_288' title='bbox 965 3970 1124 4056; x_wconf 89' lang='lat' dir='ltr'>legionem</span> <span class='ocrx_word' id='word_1_289' title='bbox 1142 3971 1183 4033; x_wconf 89' lang='lat' dir='ltr'>ab</span> <span class='ocrx_word' id='word_1_290' title='bbox 1201 3967 1251 4030; x_wconf 75' lang='lat' dir='ltr'>Ti.</span> <span class='ocrx_word' id='word_1_291' title='bbox 1271 3962 1407 4029; x_wconf 87' lang='lat' dir='ltr'>Claudio</span> 
     </span>
    </p>

    <p class='ocr_par' dir='ltr' id='par_1_16' title="bbox 352 4054 1408 4143">
     <span class='ocr_line' id='line_1_38' title="bbox 352 4054 1408 4143; baseline 0.001 -21"><span class='ocrx_word' id='word_1_292' title='bbox 352 4076 366 4122; x_wconf 81' lang='lat'><strong>2</strong></span> <span class='ocrx_word' id='word_1_293' title='bbox 384 4054 469 4119; x_wconf 90' lang='lat' dir='ltr'>Pisis</span> <span class='ocrx_word' id='word_1_294' title='bbox 487 4057 662 4138; x_wconf 88' lang='lat' dir='ltr'>dimissam,</span> <span class='ocrx_word' id='word_1_295' title='bbox 690 4065 786 4128; x_wconf 90' lang='lat' dir='ltr'>soluti</span> <span class='ocrx_word' id='word_1_296' title='bbox 802 4076 905 4140; x_wconf 91' lang='lat' dir='ltr'>metu,</span> <span class='ocrx_word' id='word_1_297' title='bbox 933 4064 1015 4129; x_wconf 90' lang='lat' dir='ltr'>clam</span> <span class='ocrx_word' id='word_1_298' title='bbox 1033 4063 1174 4130; x_wconf 88' lang='lat' dir='ltr'>exercitu</span> <span class='ocrx_word' id='word_1_299' title='bbox 1191 4058 1324 4135; x_wconf 85' lang='lat' dir='ltr'>indicto,</span> <span class='ocrx_word' id='word_1_300' title='bbox 1351 4082 1408 4143; x_wconf 91' lang='lat' dir='ltr'>per</span> 
     </span>
    </p>

    <p class='ocr_par' dir='ltr' id='par_1_17' title="bbox 307 4154 1408 4241">
     <span class='ocr_line' id='line_1_39' title="bbox 307 4154 1408 4241; baseline 0.003 -27"><span class='ocrx_word' id='word_1_301' title='bbox 307 4183 309 4188; x_wconf 35' lang='lat' dir='ltr'>v</span> <span class='ocrx_word' id='word_1_302' title='bbox 386 4162 580 4215; x_wconf 87' lang='lat' dir='ltr'>transversos</span> <span class='ocrx_word' id='word_1_303' title='bbox 609 4156 725 4222; x_wconf 91' lang='lat' dir='ltr'>limites</span> <span class='ocrx_word' id='word_1_304' title='bbox 758 4159 914 4241; x_wconf 88' lang='lat' dir='ltr'>superatis</span> <span class='ocrx_word' id='word_1_305' title='bbox 945 4160 1105 4223; x_wconf 90' lang='lat' dir='ltr'>montibus</span> <span class='ocrx_word' id='word_1_306' title='bbox 1135 4155 1170 4217; x_wconf 91' lang='lat' dir='ltr'>in</span> <span class='ocrx_word' id='word_1_307' title='bbox 1196 4175 1325 4238; x_wconf 89' lang='lat' dir='ltr'>campos</span> <span class='ocrx_word' id='word_1_308' title='bbox 1352 4154 1408 4217; x_wconf 91' lang='lat' dir='ltr'>de-</span> 
     </span>
    </p>

    <p class='ocr_par' dir='ltr' id='par_1_18' title="bbox 384 4243 1407 4338">
     <span class='ocr_line' id='line_1_40' title="bbox 384 4243 1407 4338; baseline 0.002 -31"><span class='ocrx_word' id='word_1_309' title='bbox 384 4243 501 4328; x_wconf 86' lang='lat' dir='ltr'>gressi,</span> <span class='ocrx_word' id='word_1_310' title='bbox 529 4266 642 4328; x_wconf 82' lang='lat' dir='ltr'>agmm</span> <span class='ocrx_word' id='word_1_311' title='bbox 668 4250 886 4314; x_wconf 89' lang='lat' dir='ltr'>Mutinensem</span> <span class='ocrx_word' id='word_1_312' title='bbox 912 4252 1069 4338; x_wconf 91' lang='lat' dir='ltr'>populati,</span> <span class='ocrx_word' id='word_1_313' title='bbox 1095 4246 1260 4332; x_wconf 88' lang='lat' dir='ltr'>repentino</span> <span class='ocrx_word' id='word_1_314' title='bbox 1286 4248 1407 4331; x_wconf 91' lang='lat' dir='ltr'>impetu</span> 
     </span>
    </p>
   </div>
   <div class='ocr_carea' id='block_1_7' title="bbox 0 0 1696 4975">
    <p class='ocr_par' dir='ltr' id='par_1_19' title="bbox 0 0 1696 4975">
     <span class='ocr_line' id='line_1_41' title="bbox 0 0 1696 4975; baseline 0 0"><span class='ocrx_word' id='word_1_315' title='bbox 0 0 1696 4975; x_wconf 95' lang='lat' dir='ltr'> </span> 
     </span>
    </p>
   </div>
  </div>
 </body>
</html>
