3384 4975
545 510 662 566 amaa
678 507 838 578 xxxxfl,
859 508 901 562 es.
921 506 1072 576 [eoru]
1283 490 1324 557 77

359 669 487 736 LVIII.
513 669 694 749 Postquam
714 664 877 748 inceptum
898 685 963 727 non
986 664 1191 741 succedebat,
1218 674 1323 728 castra
1343 686 1356 731 1

295 765 426 851 propius
448 763 573 826 hostem
595 759 695 823 movit
716 779 774 821 rex
796 767 828 821 et
846 779 865 820 a
883 757 1024 840 quinque
1041 757 1169 822 milibus
1193 763 1323 842 passum

296 857 493 922 communiit.
520 854 595 918 inde
608 854 680 916 luce
694 852 797 935 prima
809 851 922 914 eodem
935 871 999 933 quo
1014 851 1136 916 solebat
1146 853 1217 916 loco
1234 853 1323 936 pedi-
1342 874 1357 920 a

297 964 367 1015 tum
376 950 444 1013 acie
457 950 613 1011 instructa
622 945 798 1028 equitatum
813 963 942 1007 omnem
955 945 1122 1027 levemque
1132 957 1324 1010 armaturam

299 1044 341 1107 ad
360 1053 464 1107 castra
481 1041 621 1105 hostium
635 1038 731 1104 ducit.
759 1037 846 1101 visus
861 1048 893 1101 et
909 1036 1065 1122 plurimus
1080 1047 1113 1101 et
1129 1037 1257 1122 propior
1274 1060 1325 1102 so·
1343 1060 1358 1105 3

298 1136 356 1200 lito
365 1135 470 1219 pulvis
480 1132 727 1218 trepidationem
740 1130 774 1194 in
788 1130 900 1195 castris
909 1130 1064 1196 Romanis
1077 1130 1163 1196 fecit.
1183 1141 1215 1195 et
1223 1131 1325 1215 primo

299 1230 354 1292 vix
367 1228 522 1292 creditum
534 1224 694 1290 nuntianti
708 1235 766 1302 est,
781 1226 858 1309 quia
869 1224 1028 1311 prioribus
1043 1225 1199 1290 continuis
1214 1225 1326 1289 diebus

297 1343 474 1405 numquam
496 1332 570 1386 ante
593 1320 707 1384 horam
729 1331 878 1403 quartam
903 1318 1003 1384 hostis
1026 1329 1232 1405 apparuerat,
1259 1329 1328 1382 tum

298 1415 372 1479 solis
391 1428 478 1479 ortus
500 1425 578 1480 erat.
626 1413 741 1480 deinde
764 1424 801 1477 ut
822 1413 964 1498 plurium
981 1414 1119 1479 clamore
1137 1424 1169 1478 et
1191 1435 1288 1478 cursu
1308 1426 1362 1475 aa

298 1509 397 1593 portis
412 1509 569 1573 dubitatio
578 1519 727 1593 exempta
736 1520 793 1585 est,
810 1508 965 1573 tumultus
979 1508 1092 1594 ingens
1102 1507 1254 1572 oboritur.
1272 1508 1328 1571 tri-

299 1603 377 1666 buni
394 1602 611 1687 praefectique
630 1614 662 1668 et
679 1602 881 1669 centuriones
898 1602 933 1666 in
949 1603 1159 1688 praetorium,
1177 1601 1268 1666 miles
1286 1601 1328 1665 ad

299 1719 357 1761 sua
374 1697 509 1781 quisque
527 1698 663 1764 tentoria
681 1697 838 1762 discurrit.
874 1697 980 1762 minus
998 1697 1190 1783 quingentos
1212 1719 1326 1782 passus
1345 1708 1361 1754 5

299 1816 318 1855 a
341 1791 425 1854 vallo
447 1791 641 1857 instruxerat
657 1791 797 1858 Perseus
824 1812 899 1857 suos
922 1793 1007 1857 circa
1028 1793 1201 1867 tumulum,
1230 1812 1328 1875 quem

300 1883 491 1951 Callicinum
509 1897 635 1951 vocant.
671 1887 762 1951 laevo
779 1907 880 1951 cornu
898 1883 999 1970 Cotys
1018 1909 1074 1951 rex
1091 1896 1237 1972 praeerat
1254 1907 1328 1949 cum
1347 1897 1361 1943 6

299 1977 447 2041 omnibus
464 2000 542 2042 suae
559 1978 680 2062 gentis3
699 1979 842 2062 equitum
860 1979 986 2044 ordines
1004 1980 1084 2044 levis
1102 1990 1263 2045 armatura
1278 1979 1329 2041 in-

299 2070 452 2152 terposita
470 2069 697 2153 distinguebat.
724 2071 758 2134 in
776 2071 889 2134 dextro
908 2092 1007 2134 cornu
1024 2071 1221 2136 Macedones
1238 2081 1329 2135 erant

299 2163 434 2246 equites,
452 2162 625 2227 intermixti
643 2163 754 2226 turmis
773 2184 884 2227 eorum
895 2160 1064 2228 Cretenses
1070 2188 1079 2238 3
1097 2164 1172 2228 huic
1189 2174 1329 2227 armatu·
1347 2182 1361 2225 r

299 2280 354 2322 rae
376 2256 494 2321 Midon
510 2257 709 2333 Beroeaeus,
736 2256 897 2340 equitibus
920 2267 952 2322 et
975 2280 1118 2322 summae
1139 2257 1238 2342 partis
1259 2256 1328 2320 eius

299 2351 635 2436 MenoAntigonensis
644 2362 799 2436 praeerat.
818 2351 955 2437 proximi
966 2351 1113 2417 cornibus
1124 2351 1329 2417 constiterant
1346 2369 1362 2415 8

299 2448 369 2530 regi
391 2446 513 2529 equites
533 2457 565 2512 et
583 2446 720 2511 mixtum
739 2469 859 2533 genus,
885 2447 1009 2513 delecta
1026 2446 1166 2533 plurium
1183 2447 1328 2534 gentium

301 2539 434 2614 auxilia3
452 2538 617 2604 Patrocles
630 2542 858 2625 Antigonensis
872 2540 924 2605 hic
934 2551 965 2605 et
973 2540 1135 2606 Paeoniae
1148 2540 1328 2626 praefectus

300 2630 405 2696 Didas
424 2642 515 2700 erant
536 2634 718 2717 praepositi.
762 2634 887 2697 medius
905 2635 1046 2697 omnium
1063 2656 1120 2697 rex
1139 2644 1221 2708 erat,
1244 2633 1328 2696 circa
1348 2652 1362 2697 9

301 2748 377 2791 eum
394 2748 509 2810 agema
526 2727 614 2808 quod
632 2737 762 2803 vocant,
785 2727 991 2810 equitumque
1015 2750 1122 2792 sacrae
1141 2728 1219 2791 alae.
1256 2737 1328 2790 ante
1349 2745 1381 2791 10

301 2843 336 2884 se
368 2820 478 2883 statuit
509 2820 687 2885 funditores
718 2820 986 2904 iaculatoresque‚
1023 2821 1329 2906 quadringentorum

301 2937 415 2978 manus
442 2924 578 2999 utraque
601 2938 773 2980 numerum
799 2916 962 3000 explebat3
991 2914 1172 2982 Stratonem
1190 2915 1329 2979 Thessa-

301 3007 494 3072 lonicensem
512 3019 545 3073 et
561 3009 743 3074 Artemona
760 3008 924 3094 Dolopem
941 3010 979 3073 iis
997 3009 1161 3094 praefecit.
1197 3010 1242 3075 sic
1260 3012 1329 3093 regi

302 3102 516 3167 constiterant.
561 3104 672 3168 consul
689 3104 773 3169 intra
790 3104 911 3168 vallum
927 3105 1070 3188 peditum
1089 3104 1157 3169 acie
1174 3105 1329 3168 instructa
1349 3122 1379 3167 11

304 3196 420 3280 etipse
438 3197 615 3279 equitatum
633 3220 761 3263 ornnem
779 3219 853 3262 cum
870 3198 934 3262 levi
952 3210 1113 3263 armatura
1131 3199 1243 3263 emisit.
1270 3218 1328 3282 pro
1350 3217 1380 3262 12

304 3289 387 3352 vallo
404 3289 550 3354 instructi
567 3301 650 3355 sunt.
678 3292 789 3357 dextro
806 3314 906 3356 cornu
924 3293 1122 3377 praepositus
1134 3290 1172 3355 Ο.
1183 3290 1329 3356 Licinius

304 3380 443 3446 Crassus
461 3384 599 3448 consulis
617 3384 725 3461 frater,
744 3407 817 3449 cum
833 3386 1041 3449 omniltalico
1055 3386 1208 3467 equitatu,
1227 3384 1330 3447 veliti-

305 3475 364 3537 bus
382 3475 572 3538 intermixtis
578 3500 587 3552 ;
611 3478 736 3540 sinistro
753 3476 803 3539 M.
821 3477 969 3541 Valerius
988 3478 1152 3541 Laevinus
1171 3476 1330 3539 sociorum

305 3589 346 3628 ex
365 3565 498 3630 Graecis
520 3568 646 3650 populis
669 3566 793 3649 equites
815 3568 956 3631 habebat
975 3565 1037 3652 [et]
1062 3568 1205 3631 eiusdem
1226 3566 1330 3649 gentis

305 3660 409 3723 levem
432 3670 634 3721 armaturam.
679 3660 818 3722 mediam
844 3670 951 3724 autem
978 3660 1079 3724 aciem
1105 3681 1179 3722 cum
1200 3658 1331 3723 delectis
1350 3679 1381 3725 13

307 3750 466 3835 equitibus
480 3751 736 3816 extraordinariis
750 3753 880 3817 tenebat
889 3752 1029 3834 Quintus
1038 3753 1179 3818 Mucius.
1202 3753 1331 3817 ducenti

306 3846 430 3929 equites
442 3842 528 3908 Galli
547 3855 620 3910 ante
638 3845 731 3930 signa
747 3845 862 3909 horum
877 3847 1024 3912 instructi
1038 3858 1069 3912 et
1083 3848 1123 3911 de
1137 3847 1250 3910 auxilie
1264 3844 1331 3910 Eu-

305 3941 408 4006 menis
427 3936 611 4024 Cyrtiorum
634 3940 739 4025 gentis
762 3940 904 4006 trecenti.
940 3941 1086 4006 Thessali
1108 3942 1331 4027 quadringenti
1350 3962 1382 4009 14

308 4036 429 4118 equites
447 4056 547 4119 parvo
565 4035 733 4099 intervallo
751 4058 847 4121 super
864 4037 992 4103 laevum
1011 4058 1109 4101 cornu
1125 4035 1230 4100 locati.
1262 4036 1331 4101 Eu·

307 4151 416 4221 menes
434 4152 492 4193 rex
504 4129 698 4213 Attalusque
711 4153 786 4195 cum
799 4132 886 4195 omni
903 4155 1001 4196 manu
1015 4154 1073 4195 sua
1086 4131 1127 4195 ab
1145 4141 1236 4217 tergo
1248 4130 1330 4196 inter

309 4234 500 4307 postremam
518 4224 619 4289 aciem
637 4247 675 4290 ac
692 4225 812 4291 vallum
830 4237 992 4293 steterunt.
