3384 4975
381 482 446 574 216
580 519 801 576 camoenas
819 517 1021 575 uranouun
1040 488 1240 575 oms-cvr(

805 660 844 700 Ex
858 659 914 700 ΜΒ.
929 658 987 699 0111.

435 726 559 784 Catilina
578 725 776 781 aO.'Antonio
794 724 960 794 proconsule
975 741 1036 778 cum
1051 724 1173 779 exercitu
1187 742 1285 780 caesus
1299 731 1350 781 est.
1379 727 1416 782 P.

384 797 499 853 Clodius
509 801 665 863 accusatus,
681 795 756 862 quod
763 793 794 847 in
802 793 902 847 habitu
910 793 1034 847 mulieris
1043 794 1072 846 in
1081 793 1242 862 sacrarium,
1256 810 1311 874 quo
1320 797 1415 850 virum

383 868 488 920 intrare
505 863 585 918 nefas
603 867 659 930 est,
678 863 751 916 clam
764 862 896 916 intrasset
910 867 939 915 et
951 877 1064 915 uxorem
1080 860 1187 916 Metelli
1200 862 1341 931 pontificis
1355 870 1417 918 stu-

403 938 501 998 nasset,
512 932 656 986 absolutus
666 935 716 985 est
743 929 933 984 C.Pontinius
961 935 1055 983 raetos
1063 929 1247 1000 Allobrogas,
1263 932 1311 1000 qui
1320 933 1416 988 rebel·

382 952 524 1068 faverant,
539 1000 576 1053 ad
590 999 721 1054 Solonem
734 999 850 1052 domuit.
875 997 909 1052 P.
923 946 1039 1051 Clodius
1053 998 1090 1052 ad
1103 997 1215 1067 plebem
1229 1000 1351 1054 transiit.
1381 1001 1417 1056 C.

384 1069 489 1126 Caesar
497 1068 649 1122 Lusitanos
663 1066 789 1137 subegit,
807 1076 896 1136 eoque
907 1065 1067 1120 consulatus
1076 1066 1228 1120 candidato
1239 1072 1267 1122 et
1276 1074 1417 1149 captante

383 1135 761 1275 tantillitati&
776 1134 1418 1276 toltittltttsstiitittgttt

577 1244 583 1258 .
759 1243 766 1270 ,
808 1243 815 1256 .
957 1242 964 1270 ,
999 1242 1005 1256 .
1168 1242 1174 1256 .

278 1294 280 1303 ·
385 1273 533 1330 aCaesare
547 1273 661 1327 consule
675 1288 737 1325 cum
750 1286 856 1341 magna
871 1271 1062 1339 contentione,
1077 1271 1164 1324 invito
1174 1277 1274 1326 senatu
1283 1281 1311 1327 et
1322 1274 1417 1328 altero

384 1343 499 1397 consule
511 1341 551 1395 M.
560 1340 676 1408 Bibulo,
690 1339 767 1394 latae
781 1343 854 1419 sunt
882 1338 912 1393 C.
926 1338 1066 1418 Antonius
1083 1340 1232 1408 proconsul
1247 1339 1277 1421 in
1288 1340 1416 1421 Thracia

383 1405 1119 1547 Ptttattattliranttdttttltttt
1132 1406 1289 1530 decidi.
1298 1409 1418 1532 llll&

383 1496 489 1602 gaeesar
501 1546 531 1600 in
541 1517 711 1616 p’rovinci'am
721 1542 845 1599 Galliam
854 1542 996 1613 profectus
1004 1516 1162 1613 Helvetios,
1176 1561 1279 1624 vagam
1287 1520 1417 1617 gentem,

281 1656 283 1660 .
385 1616 502 1683 domuit,
519 1630 591 1684 quae
605 1613 699 1669 sedem
713 1628 850 1682 quaerens
863 1629 914 1680 per
926 1611 1098 1682 provinciam
1112 1609 1241 1666 Caesaris
1250 1613 1415 1670 Narbonem

384 1683 540 1738 iterfacere
548 1681 670 1736 volebat.
687 1685 835 1750 praeterea
844 1681 927 1733 situm
937 1678 1093 1735 Galliarum
1102 1681 1236 1736 continet.
1259 1681 1330 1735 Pom
1352 1684 1417 1738 eius

385 1752 420 1806 de
446 1750 542 1804 liberis
563 1748 746 1816 Mithridatis,
774 1747 898 1818 Tigrane
926 1753 955 1802 et
977 1746 1109 1820 Tigranis
1135 1749 1193 1803 tillo
1220 1749 1415 1821 triumpavit,

383 1818 561 1890 Magnusque
572 1821 656 1872 etota
665 1817 794 1871 contione
804 1816 995 1870 consalutatus
1005 1821 1055 1872 est.

435 1955 607 2024 Primapars
616 1952 681 2008 libri
690 1952 773 2006 situm
783 1893 1107 2024 Gffiss'issffifflmu,
1117 1954 1249 2009 continet.
1268 1953 1413 2012 O.Caesar

386 2041 449 2078 cum
463 2024 594 2079 adversus
605 2020 773 2088 Germanos,
788 2021 836 2091 qui
844 2020 986 2075 Ariovisto
1001 2021 1072 2076 duce
1086 2023 1115 2075 in
1129 2021 1254 2077 Galliam
1267 2029 1415 2079 transcen-
1477 2047 1478 2052 ¹

386 2093 494 2160 derant,
509 2091 659 2172 enercitum
669 2091 791 2170 duceret,
805 2094 921 2170 rogatus
932 2089 971 2171 ab
977 2090 1084 2144 Aeduis
1095 2096 1123 2144 et
1133 2089 1278 2160 Sequanis,
1295 2108 1416 2161 quorum

384 2157 1414 2297 astanti{littotai{tzitta}intentatione&

384 2313 482 2353 manos
493 2295 589 2351 Gallia
601 2294 716 2366 expulit.
742 2293 780 2347 M.
791 2293 889 2349 Cicero
903 2294 1038 2365 Pompeio
1051 2295 1124 2350 inter
1138 2295 1208 2350 alios
1223 2301 1365 2365 exorante,
1382 2304 1416 2351 st

386 2366 421 2419 T.
429 2365 524 2419 Annio
533 2363 637 2418 Milone
646 2363 758 2416 tribuno
766 2362 859 2431 plebis
868 2368 985 2434 [agente
1001 2403 1008 2429 ,
1022 2363 1051 2416 in
1074 2364 1131 2417 enti
1140 2365 1244 2435 gaudio
1254 2368 1365 2419 senatus
1377 2381 1416 2419 ac

385 2432 471 2488 totius
484 2431 585 2487 ltaliae
600 2432 636 2485 ab
655 2430 737 2487 exilio
755 2430 887 2485 reductus
902 2436 952 2485 est.
1004 2449 1031 2484 n.
1071 2433 1180 2513 ompeio
1193 2449 1244 2503 per
1258 2433 1414 2504 quinquen·

384 2502 463 2556 nium
480 2516 609 2555 annonae
626 2516 694 2554 cura
709 2500 845 2554 mandata
854 2504 904 2554 est.
931 2500 1036 2555 Caesar
1048 2501 1215 2570 Ambianos,
1236 2500 1412 2572 Suessionas,

384 2570 600 2639 Viromanduos,
608 2567 769 2636 Atrebates,
779 2567 933 2689 Belffarum
941 2569 1069 2639 populos,
1085 2585 1200 2639 quorum
1209 2570 1309 2641 ingens
1318 2571 1416 2624 multi·

384 2640 454 2693 tudo
473 2643 546 2707 erat,
563 2638 670 2709 proelio
683 2638 773 2691 victos
785 2637 815 2690 in
849 2637 999 2692 editionem
1014 2638 1136 2708 accepit,
1151 2654 1184 2692 ac
1198 2638 1300 2694 deinde
1314 2644 1416 2693 contra

384 2707 516 2777 Nervios,
529 2723 615 2761 unam
629 2721 663 2761 ex
674 2705 719 2759 his
732 2705 904 2785 civitatibus,
920 2722 982 2760 cum
996 2722 1099 2787 magno
1109 2706 1266 2761 discrimine
1275 2708 1416 2788 pugnavit

384 2773 1414 2911 titt?sallentinitittitit.stltattt.tt⁸titt¹tt

384 2916 495 2964 tantum
511 2911 670 2965 evaderent.
697 2910 762 2979 lege
779 2910 839 2963 lata
857 2910 892 2965 dc
910 2911 970 2964 redi
992 2912 1066 2965 enda
1078 2912 1107 2965 in
1120 2912 1280 2980 provinciae
1294 2911 1414 2965 formam

385 2978 480 3058 Oppio
494 2984 523 3031 et
535 2977 706 3048 publicanda
719 2980 841 3097 pecunia
854 2981 947 3049 regia,
962 2928 1000 3031 M.
1016 2978 1117 3034 Catoni
1132 2980 1333 3034 administratio
1352 2981 1416 3035 eius

384 3064 427 3101 rer
443 3045 578 3107 mandata
594 3050 645 3099 est.
672 3045 726 3100 Pto
739 3062 853 3100 emaeus
865 3046 992 3117 Aegypti
1010 3064 1071 3115 rex,
1091 3047 1127 3102 ob
1145 3048 1260 3101 iniurias
1297 3065 1348 3101 uas
1362 3065 1415 3117 pa·

384 3113 511 3168 tiebatur
523 3130 541 3167 a
554 3114 611 3166 suis
624 3128 712 3183 regno
728 3114 867 3183 [relicto],
881 3114 999 3168 Romam
1011 3116 1097 3169 venit.
1123 3114 1154 3170 0.
1164 3116 1269 3171 Caesar
1305 3121 1414 3185 enetos,

385 3186 498 3252 gentem
504 3180 616 3235 Oceano
626 3182 758 3251 iunctam,
768 3183 863 3236 navali
870 3184 977 3252 proelio
986 3183 1061 3238 vicit.
1077 3181 1278 3254 praeteream
1288 3185 1416 3256 alegatis

385 3250 445 3305 eius
454 3250 553 3305 eadem
561 3250 674 3305 fortuna
683 3255 778 3320 gestas
787 3253 919 3306 continet.

816 3331 923 3372 uxum.
939 3330 985 3372 cv.

436 3387 507 3444 Cum
516 3388 546 3443 Ο.
557 3386 673 3448 Catonis
686 3387 791 3443 tribuni
804 3388 896 3459 plebis
905 3390 1152 3445 intercessionibus
1161 3389 1274 3445 comitia
1282 3388 1417 3450 tolleren-

384 3464 444 3526 tur,
458 3462 573 3512 scnatus
586 3463 691 3511 vestem
703 3458 829 3511 mutavit.
856 3457 894 3511 Μ.
905 3457 975 3513 Cato
989 3458 1018 3511 in
1026 3458 1162 3527 petitione
1171 3464 1321 3527 praeturae
1330 3474 1416 3527 prac-

383 3527 443 3581 lato
451 3524 566 3581 Vatinio
579 3526 721 3607 repulsam
734 3526 807 3579 tulit.
833 3526 909 3581 idem
922 3537 984 3581 cum
997 3528 1090 3598 legem
1103 3527 1140 3580 im
1161 3528 1263 3594 odiret,
1279 3542 1335 3595 qua
1348 3543 1414 3596 pro-

384 3594 494 3650 vinciae
512 3594 672 3649 consulibus
686 3596 716 3649 in
748 3596 797 3648 uin
816 3595 961 3664 uennium,
975 3595 1045 3649 Pom
1067 3595 1110 3649 eio
1153 3594 1294 3665 ispaniae,
1309 3593 1413 3648 Crasso

386 3663 470 3734 Syria
479 3668 508 3719 ct
515 3663 680 3743 Parthicum
689 3610 953 3733 bellumdabantur,
969 3663 1027 3719 ac.
1038 3613 1179 3719 'Brabonio
1188 3663 1300 3717 tribuno
1330 3662 1416 3730 lebis,

384 3732 457 3803 legis
471 3735 596 3799 auctore,
610 3732 641 3784 in
654 3730 766 3785 vincula
779 3731 940 3786 ductussst.
964 3732 1001 3786 A.
1011 3731 1150 3787 Gabinius
1159 3732 1309 3802 proconsul
1343 3730 1415 3785 tole·

384 3816 495 3855 maeum
511 3799 622 3854 reduxit
639 3800 669 3852 in
686 3815 805 3870 regnum
816 3799 957 3870 Aegypti,
974 3802 1079 3855 reiecto
1092 3800 1246 3863 Archelao,
1262 3815 1346 3869 quem
1359 3798 1414 3852 sibi

384 3864 1416 4004 littttttitnttffl.ititattasitbtttltlltlut

386 4000 499 4057 Oceano
512 4004 543 4056 in
555 4003 756 4068 Brittanniam,
771 4002 860 4071 primo
874 4020 974 4073 parum
986 4018 1051 4072 pros
1072 4018 1118 4057 ere
1132 4010 1189 4058 tem
1210 3976 1348 4059 c'statibus
1363 4003 1417 4056 ad—

385 4070 471 4122 versis
479 4071 599 4139 traiecit,
608 4071 708 4127 iterum
716 4070 834 4139 felicius,
844 4085 1003 4142 magnaque
1011 4017 1188 4126 multitudine
1218 4073 1319 4126 ostium
1328 4087 1419 4126 caesa

385 4136 626 4206 reliquampartem
634 4137 1084 4208 insulaeinpotestatsmredegit.

808 4217 849 4257 nx
862 4218 918 4257 nus.
934 4215 991 4257 cv1.
1085 4241 1089 4245 ,

435 4268 647 4359 Iulia‘Cacsaris
655 4273 723 4342 filia,
733 4273 851 4345 Pompei
860 4291 936 4343 uxor,
947 4273 1075 4345 decessit,
1090 4275 1233 4345 honosque
1244 4277 1271 4331 ei
1280 4294 1297 4330 a
1306 4275 1418 4347 populo
