3384 4975
324 542 374 631 .-
490 523 1125 595 arnnaxxxxi,14.15.[a.o.ru.ua]
1283 512 1323 579 13

298 689 454 755 coloniam
474 685 579 770 ipsam
601 691 762 765 ceperunt.
806 679 840 742 id
861 679 919 743 ubi
939 679 1077 744 Romam
1100 683 1240 749 adlatum
1263 694 1355 761 est‚3
1412 701 1418 709 ·

298 794 427 849 senatus
454 778 494 843 C.
523 771 697 841 Claudium
724 773 887 837 consulem
914 774 1041 838 comitia
1066 777 1168 859 primo
1194 799 1322 862 quoque

298 889 441 961 tempore
458 870 577 935 habere
594 867 686 930 iussit
703 865 880 948 creatisque
897 867 932 930 in
949 889 1069 931 annum
1085 871 1321 955 magistratibus

296 971 332 1034 in
348 965 546 1053 provinciam
563 960 666 1026 redire
684 970 716 1024 et
729 960 885 1023 coloniam
903 983 944 1024 ex
961 961 1105 1027 hostibus
1122 965 1251 1048 eripere.
1277 968 1322 1031 ita

298 1063 348 1126 uti
366 1058 490 1124 censuit
507 1066 650 1130 senatus,
673 1053 802 1118 comitia
818 1054 938 1117 habita.
984 1056 1128 1119 consules
1147 1060 1242 1122 creati
1260 1057 1321 1123 Cn.
1340 1086 1357 1131 4

301 1153 470 1219 Cornelius
489 1149 597 1234 Scipio
616 1148 792 1233 Hispallus,
812 1147 854 1228 Q.
872 1147 1019 1212 Petillius
1038 1147 1206 1233 Spurinus.
1232 1174 1323 1235 prae·
1341 1179 1355 1224 5

299 1267 384 1313 tores
405 1246 480 1310 inde
502 1243 580 1309 facti
596 1243 645 1305 Μ.
664 1241 821 1326 Popillius
838 1243 983 1319 Laenas,
1006 1242 1045 1307 P.
1064 1243 1210 1308 Licinius
1229 1243 1325 1308 Cras·

299 1365 364 1419 sus,
382 1341 431 1403 M.
444 1337 612 1403 Cornelius
623 1335 742 1420 Scipio,
760 1336 801 1400 L.
814 1336 964 1422 Papirius
977 1334 1084 1415 Maso,
1103 1338 1152 1402 M.
1166 1338 1323 1415 Aburius,

297 1436 339 1499 L.
350 1433 512 1517 Aquillius
523 1430 648 1496 Gallus.
677 1428 715 1494 0.
727 1427 863 1494 Claudio
874 1431 994 1494 consuli
1004 1444 1211 1517 prorogatum
1224 1433 1258 1497 in
1267 1456 1323 1497 an·
1341 1456 1356 1503 6

250 1525 253 1530 ’
297 1551 376 1593 num
384 1526 553 1610 imperium
569 1535 601 1589 et
611 1523 719 1590 Gallia
733 1523 911 1608 provincia3
926 1536 957 1588 et
969 1549 1010 1589 ne
1019 1525 1122 1590 Histri
1137 1527 1223 1590 idem
1236 1527 1323 1610 quod

297 1634 330 1687 et
353 1621 491 1706 Ligures
514 1620 671 1696 facerent,
699 1617 801 1682 socios
824 1619 960 1682 nominis
982 1618 1091 1683 Latini
1112 1621 1146 1683 in
1167 1621 1323 1685 Histriam

296 1716 447 1790 mitteret,
470 1734 551 1796 quos
569 1712 722 1798 triumphi
739 1735 838 1776 causa
856 1712 896 1777 de
918 1714 1080 1798 provincia
1098 1714 1290 1779 deduxisset.

361 1807 423 1873 Cn.
447 1807 596 1873 Cornelio
619 1819 651 1872 et
669 1807 857 1888 Q.·Petillio
880 1809 1078 1884 oonsulibus,
1101 1810 1233 1891 quodie
1255 1832 1323 1873 ma-
1342 1835 1355 1879 7

296 1905 465 1990 gistratum
496 1902 648 1977 inierunt,
677 1901 917 1983 'immolantibus
943 1902 1015 1966 Iovi
1045 1903 1177 1988 singulis
1205 1903 1321 1979 bubus,

296 1999 345 2063 uti
368 1998 463 2072 solet,
491 1996 526 2059 in
548 2019 587 2059 ea
603 1996 721 2070 hostia,
747 2016 812 2078 qua
830 1994 872 2075 Q.
891 1995 1037 2061 Petillius
1059 1998 1263 2074 sacrificavit,
1289 1998 1323 2061 in

296 2092 436 2156 iocinere
454 2100 551 2173 caput
567 2111 633 2153 non
648 2089 823 2152 inventum.
859 2090 893 2152 id
912 2113 983 2154 cum
1002 2090 1043 2154 ad
1061 2102 1207 2155 senatum
1224 2102 1323 2155 rettu-

296 2187 394 2261 lisset,
417 2184 500 2250 bove
520 2183 669 2268 perlitare
691 2182 805 2245 iussus.
856 2181 896 2246 de
918 2183 1088 2267 provinciis
1112 2183 1226 2249 deinde
1248 2205 1356 2254 oon-5

297 2282 399 2345 sultus
431 2288 560 2344 senatus
585 2276 681 2341 Pisas
707 2288 738 2340 et
764 2275 904 2362 Ligures
934 2277 1115 2360 provincias
1142 2276 1323 2341 consulibus

297 2373 451 2449 decrevit3
474 2372 527 2436 cui
544 2371 641 2435 Pisae
663 2370 829 2456 provincia
846 2370 1041 2448 obvenisset,
1064 2393 1138 2435 eum
1155 2371 1323 2456 magistra·
1342 2394 1355 2441 9

296 2480 389 2533 tuum
406 2467 615 2531 creandorum
632 2475 758 2551 tempus
776 2474 869 2541 esset,
888 2464 930 2529 ad
947 2465 1075 2530 comitia
1087 2466 1204 2531 reverti
1220 2465 1321 2530 iussit.

297 2562 442 2627 additum
464 2561 604 2633 decreto,
630 2570 667 2622 ut
692 2559 784 2622 binas
810 2560 951 2642 legiones
973 2582 1073 2624 novas
1096 2560 1270 2624 scriberent
1291 2570 1323 2622 et
1342 2583 1373 2628 ro

298 2666 441 2720 trecenos
468 2653 605 2736 equites,
632 2663 664 2716 et
690 2652 773 2717 dena
794 2652 881 2715 milia
904 2652 1048 2735 peditum
1070 2654 1163 2716 sociis
1189 2651 1325 2714 nomini-

297 2772 360 2832 que
378 2747 497 2812 Latino
516 2758 547 2811 et
565 2768 712 2810 sescenos
729 2746 923 2829 imperarent
940 2745 1073 2827 equites.
1117 2745 1167 2809 Ti.
1187 2742 1323 2809 Claudio
1343 2770 1373 2816 11

296 2853 503 2929 prorogatum
521 2851 569 2905 est
590 2840 759 2925 imperium
776 2840 810 2902 in
827 2838 860 2901 id
884 2849 1024 2924 tempus,
1052 2861 1116 2923 quo
1138 2840 1172 2904 in
1195 2841 1323 2925 provin·

298 2937 380 3003 ciam
398 2937 507 3000 consul
525 2936 673 3000 venisset.

361 3030 440 3097 XV.
466 3030 557 3094 Dum
574 3030 614 3095 de
636 3030 675 3094 iis
692 3029 788 3093 rebus
808 3027 832 3114 ['
857 3026 872 3113 ]
892 3039 1003 3093 senatu
1022 3028 1142 3115 agitur,
1161 3027 1222 3094 Cn.
1242 3025 1322 3093 Cor·
1345 3053 1355 3096 t

295 3127 399 3191 nelius
425 3136 576 3190 evocatus
603 3149 622 3189 a
648 3125 783 3201 viatore,
811 3146 885 3188 eum
912 3125 1030 3209 templo
1054 3148 1200 3210 egressus
1228 3135 1321 3201 esset,

296 3220 393 3305 paulo
410 3231 483 3304 post
499 3220 593 3284 rediit
610 3219 744 3283 confuso
762 3219 853 3282 vultu
871 3228 903 3282 et
920 3221 1067 3304 exposuit
1084 3219 1228 3304 patribus
1247 3240 1321 3282 con-

297 3314 433 3399 scriptis,
451 3313 542 3378 bovis
561 3313 752 3378 seseennalis
766 3333 863 3395 quem
880 3313 1097 3378 inmolavisset
1114 3314 1202 3379 iecur
1216 3311 1322 3375 difflu-

297 3407 392 3471 xisse.
418 3408 453 3472 id
469 3430 503 3472 se
520 3408 696 3472 victimario
713 3408 873 3472 nuntianti
890 3431 1004 3492 parum
1018 3409 1199 3472 credentem
1216 3407 1322 3491 ipsum
1342 3424 1355 3468 2

298 3524 416 3583 aquam
434 3501 555 3564 effundi
577 3525 618 3565 ex
636 3503 712 3575 olla,
730 3502 787 3564 ubi
804 3512 879 3564 exta
897 3513 1121 3582 coquerentur,
1144 3501 1274 3564 iussisse
1292 3508 1324 3562 et

298 3594 417 3657 vidisse
440 3605 578 3656 ceteram
603 3595 761 3676 integram
787 3605 911 3677 partem
934 3605 1094 3668 extorum,
1120 3593 1208 3655 iecur
1231 3612 1323 3654 omne

298 3685 502 3751 inenarrabili
524 3686 597 3748 tabe
615 3687 830 3769 absumptum.
874 3685 990 3749 territis
1009 3708 1047 3749 eo
1064 3685 1210 3770 prodigio
1227 3684 1323 3769 patri·
1342 3705 1356 3749 3

298 3781 377 3857 bus,
404 3791 435 3844 et
457 3780 537 3843 alter
554 3780 663 3843 consul
686 3801 795 3842 curam
813 3779 942 3855 adiecit,
970 3780 1025 3863 qui
1047 3801 1096 3857 se,
1125 3779 1212 3862 quod
1229 3790 1324 3863 caput

297 3875 428 3941 iocineri
447 3874 614 3951 defuisset,
633 3873 733 3937 tribus
751 3873 856 3937 bubus
874 3874 1038 3958 perlitasse
1056 3874 1195 3958 negavit.
1232 3895 1355 3939 sena-4

297 3982 351 4034 tus
368 3969 540 4033 maioribus
558 3968 656 4032 hostis
672 3968 829 4051 usquead
846 3968 1020 4032 litationem
1035 3969 1204 4034 sacrificari
1220 3968 1321 4033 iussit.

299 4063 411 4128 ceteris
429 4063 491 4127 diis
511 4063 694 4147 perlitatum
711 4062 833 4138 ferunt,
854 4062 958 4128 Saluti
976 4062 1140 4127 Petillium
1157 4063 1321 4148 perlitasse

298 4168 426 4241 negant.
450 4158 524 4222 inde
540 4158 685 4223 consules
698 4169 923 4243 praetoresque
937 4158 1116 4243 provincias
1130 4159 1239 4223 sortiti.
1266 4157 1323 4221 Pi-

299 4273 353 4315 sae
372 4249 433 4316 Cn.
448 4248 608 4330 Cornelio,
626 4252 764 4337 Ligures
778 4252 907 4319 Petillio
927 4252 1146 4318 obvenerunt·
1159 4262 1320 4337 praetores
1339 4267 1354 4313 5
