<?xml version="1.0" encoding="UTF-8"?>
<!DOCTYPE html PUBLIC "-//W3C//DTD XHTML 1.0 Transitional//EN"
    "http://www.w3.org/TR/xhtml1/DTD/xhtml1-transitional.dtd">
<html xmlns="http://www.w3.org/1999/xhtml" xml:lang="en" lang="en">
 <head>
  <title>
</title>
<meta http-equiv="Content-Type" content="text/html;charset=utf-8" />
  <meta name='ocr-system' content='tesseract 3.04.00' />
  <meta name='ocr-capabilities' content='ocr_page ocr_carea ocr_par ocr_line ocrx_word'/>
</head>
<body>
  <div class='ocr_page' id='page_1' title='image "./titiliviaburbec04livygoog_0222.png"; bbox 0 0 3384 4975; ppageno 0'>
   <div class='ocr_carea' id='block_1_1' title="bbox 376 516 1201 584">
    <p class='ocr_par' dir='ltr' id='par_1_1' title="bbox 376 516 1201 584">
     <span class='ocr_line' id='line_1_1' title="bbox 376 516 1201 584; baseline -0.004 -2"><span class='ocrx_word' id='word_1_1' title='bbox 376 516 442 582; x_wconf 81' lang='grc'><strong>202</strong></span> <span class='ocrx_word' id='word_1_2' title='bbox 582 527 804 584; x_wconf 81' lang='lat' dir='ltr'><strong>PElthCHAE</strong></span> <span class='ocrx_word' id='word_1_3' title='bbox 821 527 1026 584; x_wconf 68' lang='lat' dir='ltr'><strong>alanorum</strong></span> <span class='ocrx_word' id='word_1_4' title='bbox 1042 526 1201 584; x_wconf 87' lang='lat' dir='ltr'>LII—LV.</span> 
     </span>
    </p>
   </div>
   <div class='ocr_carea' id='block_1_2' title="bbox 371 664 1467 4356">
    <p class='ocr_par' dir='ltr' id='par_1_2' title="bbox 372 664 1402 1763">
     <span class='ocr_line' id='line_1_2' title="bbox 375 664 1402 746; baseline 0.003 -23"><span class='ocrx_word' id='word_1_5' title='bbox 375 668 436 724; x_wconf 88' lang='lat' dir='ltr'><strong>eius</strong></span> <span class='ocrx_word' id='word_1_6' title='bbox 444 668 567 723; x_wconf 86' lang='lat' dir='ltr'><strong>exercitu</strong></span> <span class='ocrx_word' id='word_1_7' title='bbox 576 666 658 737; x_wconf 89' lang='lat' dir='ltr'><strong>cepit,</strong></span> <span class='ocrx_word' id='word_1_8' title='bbox 668 672 733 737; x_wconf 88' lang='lat' dir='ltr'><strong>post</strong></span> <span class='ocrx_word' id='word_1_9' title='bbox 742 683 824 737; x_wconf 90' lang='lat' dir='ltr'><strong>quem</strong></span> <span class='ocrx_word' id='word_1_10' title='bbox 834 665 999 721; x_wconf 88' lang='lat' dir='ltr'><strong>C.Plautins</strong></span> <span class='ocrx_word' id='word_1_11' title='bbox 1007 670 1120 746; x_wconf 83' lang='lat' dir='ltr'><strong>praetor</strong></span> <span class='ocrx_word' id='word_1_12' title='bbox 1127 665 1216 719; x_wconf 89' lang='lat' dir='ltr'>nihilo</span> <span class='ocrx_word' id='word_1_13' title='bbox 1224 664 1333 722; x_wconf 84' lang='lat' dir='ltr'><strong>felicius</strong></span> <span class='ocrx_word' id='word_1_14' title='bbox 1341 685 1402 725; x_wconf 89' lang='lat' dir='ltr'><strong>rem</strong></span> 
     </span>
     <span class='ocr_line' id='line_1_3' title="bbox 397 733 1402 805; baseline 0.001 -14"><span class='ocrx_word' id='word_1_15' title='bbox 397 737 472 792; x_wconf 90' lang='lat' dir='ltr'><strong>essit.</strong></span> <span class='ocrx_word' id='word_1_16' title='bbox 489 742 653 805; x_wconf 89' lang='lat' dir='ltr'><strong>tantumque</strong></span> <span class='ocrx_word' id='word_1_17' title='bbox 662 742 796 790; x_wconf 89' lang='lat' dir='ltr'><strong>terrorem</strong></span> <span class='ocrx_word' id='word_1_18' title='bbox 805 734 830 788; x_wconf 89' lang='lat' dir='ltr'><strong>is</strong></span> <span class='ocrx_word' id='word_1_19' title='bbox 838 734 926 789; x_wconf 87' lang='lat' dir='ltr'><strong>hostis</strong></span> <span class='ocrx_word' id='word_1_20' title='bbox 934 733 1038 802; x_wconf 76' lang='lat' dir='ltr'><strong>intulit,</strong></span> <span class='ocrx_word' id='word_1_21' title='bbox 1047 739 1079 787; x_wconf 89' lang='lat' dir='ltr'><strong>ut</strong></span> <span class='ocrx_word' id='word_1_22' title='bbox 1089 733 1221 788; x_wconf 87' lang='lat' dir='ltr'><strong>adversus</strong></span> <span class='ocrx_word' id='word_1_23' title='bbox 1230 751 1294 789; x_wconf 91' lang='lat' dir='ltr'><strong>eum</strong></span> <span class='ocrx_word' id='word_1_24' title='bbox 1303 752 1402 793; x_wconf 89' lang='lat' dir='ltr'><strong>consu-</strong></span> 
     </span>
     <span class='ocr_line' id='line_1_4' title="bbox 375 756 1402 875; baseline 0.003 -17"><span class='ocrx_word' id='word_1_25' title='bbox 375 756 429 860; x_wconf 63' lang='lat' dir='ltr'><strong>iuri</strong></span> <span class='ocrx_word' id='word_1_26' title='bbox 442 822 512 875; x_wconf 90' lang='lat' dir='ltr'><strong>opus</strong></span> <span class='ocrx_word' id='word_1_27' title='bbox 525 808 600 860; x_wconf 89' lang='lat' dir='ltr'><strong>esset</strong></span> <span class='ocrx_word' id='word_1_28' title='bbox 608 808 637 858; x_wconf 90' lang='lat' dir='ltr'><strong>et</strong></span> <span class='ocrx_word' id='word_1_29' title='bbox 646 803 717 859; x_wconf 89' lang='lat' dir='ltr'><strong>duce</strong></span> <span class='ocrx_word' id='word_1_30' title='bbox 726 808 756 858; x_wconf 86' lang='lat' dir='ltr'><strong>at</strong></span> <span class='ocrx_word' id='word_1_31' title='bbox 765 803 896 859; x_wconf 74' lang='lat' dir='ltr'><strong>exercim.</strong></span> <span class='ocrx_word' id='word_1_32' title='bbox 922 808 1070 872; x_wconf 86' lang='lat' dir='ltr'><strong>praeterea</strong></span> <span class='ocrx_word' id='word_1_33' title='bbox 1078 808 1169 856; x_wconf 89' lang='lat' dir='ltr'><strong>motus</strong></span> <span class='ocrx_word' id='word_1_34' title='bbox 1179 801 1277 874; x_wconf 80' lang='lat' dir='ltr'><strong>Syriae</strong></span> <span class='ocrx_word' id='word_1_35' title='bbox 1287 805 1402 861; x_wconf 86' lang='lat' dir='ltr'><strong>etbella</strong></span> 
     </span>
     <span class='ocr_line' id='line_1_5' title="bbox 374 869 1401 944; baseline 0.002 -17"><span class='ocrx_word' id='word_1_36' title='bbox 374 873 542 944; x_wconf 84' lang='lat' dir='ltr'><strong>interreges</strong></span> <span class='ocrx_word' id='word_1_37' title='bbox 555 872 811 944; x_wconf 84' lang='lat' dir='ltr'><strong>gestareferuntnr.</strong></span> <span class='ocrx_word' id='word_1_38' title='bbox 838 870 1000 927; x_wconf 80' lang='lat' dir='ltr'><strong>Alexander</strong></span> <span class='ocrx_word' id='word_1_39' title='bbox 1016 870 1099 925; x_wconf 91' lang='lat' dir='ltr'><strong>homo</strong></span> <span class='ocrx_word' id='word_1_40' title='bbox 1113 869 1225 941; x_wconf 85' lang='lat' dir='ltr'><strong>ignotus</strong></span> <span class='ocrx_word' id='word_1_41' title='bbox 1240 876 1269 926; x_wconf 88' lang='lat' dir='ltr'><strong>et</strong></span> <span class='ocrx_word' id='word_1_42' title='bbox 1277 873 1401 929; x_wconf 87' lang='lat' dir='ltr'><strong>incertae</strong></span> 
     </span>
     <span class='ocr_line' id='line_1_6' title="bbox 376 935 1400 1012; baseline 0.002 -18"><span class='ocrx_word' id='word_1_43' title='bbox 376 942 468 1011; x_wconf 88' lang='lat' dir='ltr'><strong>stirpis</strong></span> <span class='ocrx_word' id='word_1_44' title='bbox 477 941 582 1010; x_wconf 90' lang='lat' dir='ltr'><strong>occiso,</strong></span> <span class='ocrx_word' id='word_1_45' title='bbox 598 941 670 995; x_wconf 84' lang='lat' dir='ltr'><strong>sicut</strong></span> <span class='ocrx_word' id='word_1_46' title='bbox 678 941 744 995; x_wconf 85' lang='lat' dir='ltr'><strong>ante</strong></span> <span class='ocrx_word' id='word_1_47' title='bbox 754 940 859 994; x_wconf 74' lang='lat' dir='ltr'><strong>dicum</strong></span> <span class='ocrx_word' id='word_1_48' title='bbox 868 945 924 1008; x_wconf 84' lang='lat' dir='ltr'><strong>est,</strong></span> <span class='ocrx_word' id='word_1_49' title='bbox 938 935 1083 994; x_wconf 79' lang='lat' dir='ltr'><strong>Demetrio</strong></span> <span class='ocrx_word' id='word_1_50' title='bbox 1091 955 1160 1011; x_wconf 82' lang='lat' dir='ltr'><strong>rege</strong></span> <span class='ocrx_word' id='word_1_51' title='bbox 1169 940 1199 993; x_wconf 92' lang='lat' dir='ltr'><strong>in</strong></span> <span class='ocrx_word' id='word_1_52' title='bbox 1208 937 1291 1010; x_wconf 87' lang='lat' dir='ltr'><strong>Syria</strong></span> <span class='ocrx_word' id='word_1_53' title='bbox 1299 958 1400 1012; x_wconf 82' lang='lat' dir='ltr'><strong>regna·</strong></span> 
     </span>
     <span class='ocr_line' id='line_1_7' title="bbox 374 1005 1401 1077; baseline 0.001 -13"><span class='ocrx_word' id='word_1_54' title='bbox 374 1009 432 1064; x_wconf 90' lang='lat' dir='ltr'><strong>bat.</strong></span> <span class='ocrx_word' id='word_1_55' title='bbox 458 1010 533 1064; x_wconf 90' lang='lat' dir='ltr'><strong>hunc</strong></span> <span class='ocrx_word' id='word_1_56' title='bbox 541 1008 701 1065; x_wconf 89' lang='lat' dir='ltr'><strong>Demetrius</strong></span> <span class='ocrx_word' id='word_1_57' title='bbox 709 1007 835 1064; x_wconf 75' lang='lat' dir='ltr'>Demetri</span> <span class='ocrx_word' id='word_1_58' title='bbox 844 1005 928 1076; x_wconf 86' lang='lat' dir='ltr'><strong>iilius,</strong></span> <span class='ocrx_word' id='word_1_59' title='bbox 944 1007 1107 1077; x_wconf 89' lang='lat' dir='ltr'><strong>qniapatre</strong></span> <span class='ocrx_word' id='word_1_60' title='bbox 1117 1007 1257 1076; x_wconf 89' lang='lat' dir='ltr'><strong>quondam</strong></span> <span class='ocrx_word' id='word_1_61' title='bbox 1267 1008 1303 1063; x_wconf 91' lang='lat' dir='ltr'><strong>ob</strong></span> <span class='ocrx_word' id='word_1_62' title='bbox 1312 1008 1401 1065; x_wconf 86' lang='lat' dir='ltr'><strong>incer·</strong></span> 
     </span>
     <span class='ocr_line' id='line_1_8' title="bbox 374 1075 1400 1154; baseline 0.001 -22"><span class='ocrx_word' id='word_1_63' title='bbox 374 1085 418 1132; x_wconf 87' lang='lat' dir='ltr'><strong>tos</strong></span> <span class='ocrx_word' id='word_1_64' title='bbox 426 1077 496 1133; x_wconf 90' lang='lat' dir='ltr'><strong>belli</strong></span> <span class='ocrx_word' id='word_1_65' title='bbox 505 1087 587 1132; x_wconf 83' lang='lat' dir='ltr'><strong>catus</strong></span> <span class='ocrx_word' id='word_1_66' title='bbox 596 1076 660 1132; x_wconf 93' lang='lat' dir='ltr'><strong>able</strong></span> <span class='ocrx_word' id='word_1_67' title='bbox 682 1083 745 1132; x_wconf 86' lang='lat' dir='ltr'><strong>atus</strong></span> <span class='ocrx_word' id='word_1_68' title='bbox 754 1075 870 1132; x_wconf 82' lang='lat' dir='ltr'><strong>Gnidon</strong></span> <span class='ocrx_word' id='word_1_69' title='bbox 877 1075 1400 1154; x_wconf 67' lang='lat' dir='ltr'><strong>marat,contemptasecordiainertia·</strong></span> 
     </span>
     <span class='ocr_line' id='line_1_9' title="bbox 374 1095 1402 1284; baseline 0 -16"><span class='ocrx_word' id='word_1_70' title='bbox 374 1095 1402 1284; x_wconf 40' lang='lat' dir='ltr'><strong>seminaturum</strong></span> 
     </span>
     <span class='ocr_line' id='line_1_10' title="bbox 374 1280 1400 1353; baseline 0.002 -17"><span class='ocrx_word' id='word_1_71' title='bbox 374 1288 460 1353; x_wconf 89' lang='lat' dir='ltr'><strong>caput</strong></span> <span class='ocrx_word' id='word_1_72' title='bbox 481 1283 643 1338; x_wconf 88' lang='lat' dir='ltr'><strong>vulneratus</strong></span> <span class='ocrx_word' id='word_1_73' title='bbox 664 1282 737 1337; x_wconf 89' lang='lat' dir='ltr'><strong>inter</strong></span> <span class='ocrx_word' id='word_1_74' title='bbox 758 1282 944 1349; x_wconf 88' lang='lat' dir='ltr'><strong>curationem,</strong></span> <span class='ocrx_word' id='word_1_75' title='bbox 969 1280 1034 1334; x_wconf 91' lang='lat' dir='ltr'><strong>dum</strong></span> <span class='ocrx_word' id='word_1_76' title='bbox 1057 1295 1121 1335; x_wconf 86' lang='lat' dir='ltr'><strong>ossa</strong></span> <span class='ocrx_word' id='word_1_77' title='bbox 1139 1281 1239 1336; x_wconf 89' lang='lat' dir='ltr'><strong>medici</strong></span> <span class='ocrx_word' id='word_1_78' title='bbox 1256 1281 1400 1338; x_wconf 79' lang='lat' dir='ltr'><strong>terebrare</strong></span> 
     </span>
     <span class='ocr_line' id='line_1_11' title="bbox 373 1348 1399 1421; baseline -0.001 -16"><span class='ocrx_word' id='word_1_79' title='bbox 373 1351 555 1419; x_wconf 86' lang='lat' dir='ltr'><strong>contendunt,</strong></span> <span class='ocrx_word' id='word_1_80' title='bbox 565 1350 708 1421; x_wconf 83' lang='lat' dir='ltr'><strong>expiravit,</strong></span> <span class='ocrx_word' id='word_1_81' title='bbox 720 1356 804 1421; x_wconf 87' lang='lat' dir='ltr'><strong>atque</strong></span> <span class='ocrx_word' id='word_1_82' title='bbox 814 1349 944 1405; x_wconf 88' lang='lat' dir='ltr'><strong>inlocum</strong></span> <span class='ocrx_word' id='word_1_83' title='bbox 953 1349 1013 1404; x_wconf 87' lang='lat' dir='ltr'><strong>eius</strong></span> <span class='ocrx_word' id='word_1_84' title='bbox 1022 1348 1110 1403; x_wconf 82' lang='lat' dir='ltr'><strong>frater</strong></span> <span class='ocrx_word' id='word_1_85' title='bbox 1117 1349 1399 1419; x_wconf 88' lang='lat' dir='ltr'><strong>minorPtolemaeus‚</strong></span> 
     </span>
     <span class='ocr_line' id='line_1_12' title="bbox 374 1416 1400 1491; baseline 0 -18"><span class='ocrx_word' id='word_1_86' title='bbox 374 1421 422 1489; x_wconf 90' lang='lat' dir='ltr'><strong>qui</strong></span> <span class='ocrx_word' id='word_1_87' title='bbox 431 1419 549 1491; x_wconf 84' lang='lat' dir='ltr'><strong>Cyrenis</strong></span> <span class='ocrx_word' id='word_1_88' title='bbox 556 1419 704 1490; x_wconf 84' lang='lat' dir='ltr'><strong>regnabat,</strong></span> <span class='ocrx_word' id='word_1_89' title='bbox 719 1419 861 1474; x_wconf 84' lang='lat' dir='ltr'><strong>successit.</strong></span> <span class='ocrx_word' id='word_1_90' title='bbox 886 1417 1047 1472; x_wconf 89' lang='lat' dir='ltr'><strong>Demetrius</strong></span> <span class='ocrx_word' id='word_1_91' title='bbox 1056 1417 1093 1471; x_wconf 96' lang='lat' dir='ltr'><strong>ob</strong></span> <span class='ocrx_word' id='word_1_92' title='bbox 1102 1416 1303 1485; x_wconf 81' lang='lat' dir='ltr'><strong>crudelitatem,</strong></span> <span class='ocrx_word' id='word_1_93' title='bbox 1315 1434 1400 1488; x_wconf 89' lang='lat' dir='ltr'><strong>quam</strong></span> 
     </span>
     <span class='ocr_line' id='line_1_13' title="bbox 374 1485 1400 1568; baseline 0.001 -27"><span class='ocrx_word' id='word_1_94' title='bbox 374 1489 403 1541; x_wconf 93' lang='lat' dir='ltr'><strong>in</strong></span> <span class='ocrx_word' id='word_1_95' title='bbox 417 1505 480 1542; x_wconf 90' lang='lat' dir='ltr'><strong>suos</strong></span> <span class='ocrx_word' id='word_1_96' title='bbox 493 1505 545 1568; x_wconf 88' lang='lat' dir='ltr'><strong>per</strong></span> <span class='ocrx_word' id='word_1_97' title='bbox 553 1493 692 1542; x_wconf 88' lang='lat' dir='ltr'><strong>tormenta</strong></span> <span class='ocrx_word' id='word_1_98' title='bbox 700 1486 862 1553; x_wconf 86' lang='lat' dir='ltr'><strong>exercebat,</strong></span> <span class='ocrx_word' id='word_1_99' title='bbox 877 1485 913 1541; x_wconf 88' lang='lat' dir='ltr'><strong>ab</strong></span> <span class='ocrx_word' id='word_1_100' title='bbox 923 1485 1045 1540; x_wconf 88' lang='lat' dir='ltr'><strong>Diodoto</strong></span> <span class='ocrx_word' id='word_1_101' title='bbox 1056 1486 1185 1555; x_wconf 89' lang='lat' dir='ltr'><strong>quodam,</strong></span> <span class='ocrx_word' id='word_1_102' title='bbox 1200 1502 1256 1540; x_wconf 90' lang='lat' dir='ltr'><strong>uno</strong></span> <span class='ocrx_word' id='word_1_103' title='bbox 1265 1503 1298 1541; x_wconf 89' lang='lat' dir='ltr'><strong>ex</strong></span> <span class='ocrx_word' id='word_1_104' title='bbox 1308 1487 1400 1542; x_wconf 87' lang='lat' dir='ltr'><strong>subie-</strong></span> 
     </span>
     <span class='ocr_line' id='line_1_14' title="bbox 373 1554 1400 1626; baseline -0.001 -16"><span class='ocrx_word' id='word_1_105' title='bbox 373 1556 439 1625; x_wconf 89' lang='lat' dir='ltr'><strong>ctis,</strong></span> <span class='ocrx_word' id='word_1_106' title='bbox 455 1572 503 1626; x_wconf 81' lang='lat' dir='ltr'><strong>qur</strong></span> <span class='ocrx_word' id='word_1_107' title='bbox 512 1555 667 1611; x_wconf 84' lang='lat' dir='ltr'><strong>Alexandri</strong></span> <span class='ocrx_word' id='word_1_108' title='bbox 680 1554 738 1609; x_wconf 89' lang='lat' dir='ltr'><strong>filio</strong></span> <span class='ocrx_word' id='word_1_109' title='bbox 747 1555 852 1610; x_wconf 83' lang='lat' dir='ltr'><strong>bimulo</strong></span> <span class='ocrx_word' id='word_1_110' title='bbox 862 1554 1011 1609; x_wconf 88' lang='lat' dir='ltr'><strong>admodum</strong></span> <span class='ocrx_word' id='word_1_111' title='bbox 1020 1571 1137 1625; x_wconf 88' lang='lat' dir='ltr'><strong>regnum</strong></span> <span class='ocrx_word' id='word_1_112' title='bbox 1147 1554 1308 1623; x_wconf 89' lang='lat' dir='ltr'><strong>adserebat,</strong></span> <span class='ocrx_word' id='word_1_113' title='bbox 1323 1554 1400 1610; x_wconf 90' lang='lat' dir='ltr'><strong>bello</strong></span> 
     </span>
     <span class='ocr_line' id='line_1_15' title="bbox 372 1621 1399 1695; baseline 0.001 -18"><span class='ocrx_word' id='word_1_114' title='bbox 372 1630 521 1694; x_wconf 88' lang='lat' dir='ltr'><strong>superatus</strong></span> <span class='ocrx_word' id='word_1_115' title='bbox 531 1622 694 1679; x_wconf 80' lang='lat' dir='ltr'><strong>Seleuceam</strong></span> <span class='ocrx_word' id='word_1_116' title='bbox 707 1623 843 1695; x_wconf 80' lang='lat' dir='ltr'><strong>confugit.</strong></span> <span class='ocrx_word' id='word_1_117' title='bbox 870 1623 904 1676; x_wconf 87' lang='lat' dir='ltr'><strong>L.</strong></span> <span class='ocrx_word' id='word_1_118' title='bbox 914 1621 1062 1676; x_wconf 82' lang='lat' dir='ltr'><strong>Mummius</strong></span> <span class='ocrx_word' id='word_1_119' title='bbox 1071 1623 1107 1677; x_wconf 87' lang='lat' dir='ltr'><strong>de</strong></span> <span class='ocrx_word' id='word_1_120' title='bbox 1115 1623 1238 1677; x_wconf 87' lang='lat' dir='ltr'><strong>Achaeis</strong></span> <span class='ocrx_word' id='word_1_121' title='bbox 1247 1624 1399 1693; x_wconf 91' lang='lat' dir='ltr'><strong>triumpha·</strong></span> 
     </span>
     <span class='ocr_line' id='line_1_16' title="bbox 372 1689 1351 1763; baseline -0.001 -18"><span class='ocrx_word' id='word_1_122' title='bbox 372 1693 421 1761; x_wconf 81' lang='lat' dir='ltr'><strong>rit,</strong></span> <span class='ocrx_word' id='word_1_123' title='bbox 431 1693 513 1763; x_wconf 84' lang='lat' dir='ltr'><strong>signa</strong></span> <span class='ocrx_word' id='word_1_124' title='bbox 522 1705 605 1746; x_wconf 83' lang='lat' dir='ltr'><strong>aerea</strong></span> <span class='ocrx_word' id='word_1_125' title='bbox 613 1689 983 1762; x_wconf 87' lang='lat' dir='ltr'><strong>marmoreaqueettabulas</strong></span> <span class='ocrx_word' id='word_1_126' title='bbox 992 1691 1270 1761; x_wconf 89' lang='lat' dir='ltr'><strong>pictasintriumpho</strong></span> <span class='ocrx_word' id='word_1_127' title='bbox 1279 1692 1351 1745; x_wconf 85' lang='lat' dir='ltr'><strong>tulit.</strong></span> 
     </span>
    </p>

    <p class='ocr_par' dir='ltr' id='par_1_3' title="bbox 372 1769 1399 2223">
     <span class='ocr_line' id='line_1_17' title="bbox 424 1769 1398 1899; baseline 0.003 -19"><span class='ocrx_word' id='word_1_128' title='bbox 424 1827 451 1880; x_wconf 87' lang='lat' dir='ltr'>A</span> <span class='ocrx_word' id='word_1_129' title='bbox 491 1827 534 1880; x_wconf 91' lang='lat' dir='ltr'><strong>ius</strong></span> <span class='ocrx_word' id='word_1_130' title='bbox 551 1825 686 1881; x_wconf 87' lang='lat' dir='ltr'><strong>Claudius</strong></span> <span class='ocrx_word' id='word_1_131' title='bbox 705 1769 977 1895; x_wconf 42' lang='lat' dir='ltr'><strong>commflgaiiaissiiil⁸</strong></span> <span class='ocrx_word' id='word_1_132' title='bbox 984 1832 1098 1899; x_wconf 84' lang='lat' dir='ltr'><strong>gentem</strong></span> <span class='ocrx_word' id='word_1_133' title='bbox 1114 1827 1261 1898; x_wconf 85' lang='lat' dir='ltr'><strong>Alpinam,</strong></span> <span class='ocrx_word' id='word_1_134' title='bbox 1285 1828 1398 1884; x_wconf 85' lang='lat' dir='ltr'><strong>domuit</strong></span> 
     </span>
     <span class='ocr_line' id='line_1_18' title="bbox 373 1895 1399 1967; baseline 0.002 -17"><span class='ocrx_word' id='word_1_135' title='bbox 373 1896 446 1950; x_wconf 89' lang='lat' dir='ltr'><strong>alter</strong></span> <span class='ocrx_word' id='word_1_136' title='bbox 479 1895 708 1966; x_wconf 89' lang='lat' dir='ltr'><strong>seudophilippus</strong></span> <span class='ocrx_word' id='word_1_137' title='bbox 721 1896 750 1949; x_wconf 92' lang='lat' dir='ltr'><strong>in</strong></span> <span class='ocrx_word' id='word_1_138' title='bbox 760 1895 927 1950; x_wconf 82' lang='lat' dir='ltr'><strong>Macedonia</strong></span> <span class='ocrx_word' id='word_1_139' title='bbox 937 1895 997 1951; x_wconf 91' lang='lat' dir='ltr'><strong>aL.</strong></span> <span class='ocrx_word' id='word_1_140' title='bbox 1008 1895 1160 1952; x_wconf 83' lang='lat' dir='ltr'><strong>Tremellio</strong></span> <span class='ocrx_word' id='word_1_141' title='bbox 1175 1902 1322 1967; x_wconf 82' lang='lat' dir='ltr'><strong>quaestore</strong></span> <span class='ocrx_word' id='word_1_142' title='bbox 1336 1915 1399 1952; x_wconf 91' lang='lat' dir='ltr'><strong>cum</strong></span> 
     </span>
     <span class='ocr_line' id='line_1_19' title="bbox 373 1963 1399 2034; baseline 0.002 -16"><span class='ocrx_word' id='word_1_143' title='bbox 373 1965 497 2018; x_wconf 89' lang='lat' dir='ltr'><strong>exercitu</strong></span> <span class='ocrx_word' id='word_1_144' title='bbox 514 1981 613 2018; x_wconf 86' lang='lat' dir='ltr'><strong>caesus</strong></span> <span class='ocrx_word' id='word_1_145' title='bbox 631 1969 682 2018; x_wconf 75' lang='lat' dir='ltr'><strong>est,</strong></span> <span class='ocrx_word' id='word_1_146' title='bbox 718 1963 752 2028; x_wconf 81' lang='lat' dir='ltr'><strong>Q.</strong></span> <span class='ocrx_word' id='word_1_147' title='bbox 771 1963 911 2018; x_wconf 78' lang='lat' dir='ltr'><strong>Caecilius</strong></span> <span class='ocrx_word' id='word_1_148' title='bbox 928 1963 1060 2018; x_wconf 80' lang='lat' dir='ltr'><strong>Metellus</strong></span> <span class='ocrx_word' id='word_1_149' title='bbox 1076 1965 1226 2034; x_wconf 90' lang='lat' dir='ltr'><strong>proconsul</strong></span> <span class='ocrx_word' id='word_1_150' title='bbox 1244 1965 1399 2020; x_wconf 86' lang='lat' dir='ltr'><strong>Celtiberos</strong></span> 
     </span>
     <span class='ocr_line' id='line_1_20' title="bbox 372 2031 1399 2106; baseline 0.003 -21"><span class='ocrx_word' id='word_1_151' title='bbox 372 2032 477 2086; x_wconf 90' lang='lat' dir='ltr'><strong>cecidit</strong></span> <span class='ocrx_word' id='word_1_152' title='bbox 490 2038 519 2087; x_wconf 90' lang='lat' dir='ltr'><strong>et</strong></span> <span class='ocrx_word' id='word_1_153' title='bbox 529 2049 545 2086; x_wconf 90' lang='lat' dir='ltr'><strong>a</strong></span> <span class='ocrx_word' id='word_1_154' title='bbox 555 2031 588 2096; x_wconf 82' lang='lat' dir='ltr'><strong>Q.</strong></span> <span class='ocrx_word' id='word_1_155' title='bbox 599 2031 689 2086; x_wconf 85' lang='lat' dir='ltr'><strong>Fabio</strong></span> <span class='ocrx_word' id='word_1_156' title='bbox 698 2032 863 2102; x_wconf 84' lang='lat' dir='ltr'><strong>proconsule</strong></span> <span class='ocrx_word' id='word_1_157' title='bbox 873 2049 977 2104; x_wconf 82' lang='lat' dir='ltr'><strong>magna</strong></span> <span class='ocrx_word' id='word_1_158' title='bbox 985 2049 1051 2102; x_wconf 87' lang='lat' dir='ltr'><strong>pars</strong></span> <span class='ocrx_word' id='word_1_159' title='bbox 1059 2032 1223 2088; x_wconf 81' lang='lat' dir='ltr'><strong>Lusitaniae</strong></span> <span class='ocrx_word' id='word_1_160' title='bbox 1233 2051 1266 2088; x_wconf 87' lang='lat' dir='ltr'><strong>er</strong></span> <span class='ocrx_word' id='word_1_161' title='bbox 1287 2035 1399 2106; x_wconf 82' lang='lat' dir='ltr'><strong>agnatis</strong></span> 
     </span>
     <span class='ocr_line' id='line_1_21' title="bbox 374 2099 1399 2223; baseline 0.001 -68"><span class='ocrx_word' id='word_1_162' title='bbox 374 2101 412 2155; x_wconf 88' lang='lat' dir='ltr'><strong>ali</strong></span> <span class='ocrx_word' id='word_1_163' title='bbox 432 2106 482 2223; x_wconf 55' lang='lat' dir='ltr'><strong>uqi</strong></span> <span class='ocrx_word' id='word_1_164' title='bbox 493 2099 610 2154; x_wconf 90' lang='lat' dir='ltr'><strong>urbibus</strong></span> <span class='ocrx_word' id='word_1_165' title='bbox 623 2110 738 2171; x_wconf 85' lang='lat' dir='ltr'><strong>recepta</strong></span> <span class='ocrx_word' id='word_1_166' title='bbox 751 2107 801 2155; x_wconf 89' lang='lat' dir='ltr'><strong>est.</strong></span> <span class='ocrx_word' id='word_1_167' title='bbox 828 2101 938 2156; x_wconf 86' lang='lat' dir='ltr'><strong>Acilius</strong></span> <span class='ocrx_word' id='word_1_168' title='bbox 951 2105 1063 2156; x_wconf 89' lang='lat' dir='ltr'><strong>senator</strong></span> <span class='ocrx_word' id='word_1_169' title='bbox 1076 2099 1186 2156; x_wconf 82' lang='lat' dir='ltr'><strong>Graece</strong></span> <span class='ocrx_word' id='word_1_170' title='bbox 1200 2118 1244 2156; x_wconf 91' lang='lat' dir='ltr'><strong>res</strong></span> <span class='ocrx_word' id='word_1_171' title='bbox 1283 2119 1399 2157; x_wconf 90' lang='lat' dir='ltr'><strong>omanas</strong></span> 
     </span>
     <span class='ocr_line' id='line_1_22' title="bbox 372 2186 479 2223; baseline 0.019 -2"><span class='ocrx_word' id='word_1_172' title='bbox 372 2186 427 2222; x_wconf 76' lang='lat' dir='ltr'><strong>scri</strong></span> <span class='ocrx_word' id='word_1_173' title='bbox 448 2187 479 2223; x_wconf 91' lang='lat'><strong>1.</strong></span> 
     </span>
    </p>

    <p class='ocr_par' dir='ltr' id='par_1_4' title="bbox 795 2239 1228 2290">
     <span class='ocr_line' id='line_1_23' title="bbox 795 2239 1228 2290; baseline 0 -10"><span class='ocrx_word' id='word_1_174' title='bbox 795 2240 835 2280; x_wconf 84' lang='lat' dir='ltr'><strong>nx</strong></span> <span class='ocrx_word' id='word_1_175' title='bbox 843 2240 901 2280; x_wconf 80' lang='lat' dir='ltr'><strong>nm.</strong></span> <span class='ocrx_word' id='word_1_176' title='bbox 910 2239 979 2280; x_wconf 81' lang='lat' dir='ltr'><strong>nun.</strong></span> <span class='ocrx_word' id='word_1_177' title='bbox 1224 2285 1228 2290; x_wconf 25' lang='lat' dir='ltr'><em>f</em></span> 
     </span>
    </p>

    <p class='ocr_par' dir='ltr' id='par_1_5' title="bbox 372 2303 1400 3060">
     <span class='ocr_line' id='line_1_24' title="bbox 425 2303 1397 2376; baseline 0.002 -18"><span class='ocrx_word' id='word_1_178' title='bbox 425 2303 459 2368; x_wconf 83' lang='lat' dir='ltr'><strong>Q.</strong></span> <span class='ocrx_word' id='word_1_179' title='bbox 476 2304 627 2374; x_wconf 87' lang='lat' dir='ltr'><strong>Pompeius</strong></span> <span class='ocrx_word' id='word_1_180' title='bbox 649 2305 747 2359; x_wconf 91' lang='lat' dir='ltr'><strong>consul</strong></span> <span class='ocrx_word' id='word_1_181' title='bbox 769 2305 798 2358; x_wconf 91' lang='lat' dir='ltr'><strong>in</strong></span> <span class='ocrx_word' id='word_1_182' title='bbox 815 2304 956 2375; x_wconf 86' lang='lat' dir='ltr'><strong>Hispania</strong></span> <span class='ocrx_word' id='word_1_183' title='bbox 973 2304 1164 2361; x_wconf 85' lang='lat' dir='ltr'><strong>Termestinos</strong></span> <span class='ocrx_word' id='word_1_184' title='bbox 1182 2305 1299 2376; x_wconf 81' lang='lat' dir='ltr'><strong>subegit.</strong></span> <span class='ocrx_word' id='word_1_185' title='bbox 1334 2322 1397 2360; x_wconf 92' lang='lat' dir='ltr'><strong>cum</strong></span> 
     </span>
     <span class='ocr_line' id='line_1_25' title="bbox 372 2371 1397 2442; baseline 0.002 -17"><span class='ocrx_word' id='word_1_186' title='bbox 372 2372 462 2428; x_wconf 91' lang='lat' dir='ltr'><strong>isdem</strong></span> <span class='ocrx_word' id='word_1_187' title='bbox 472 2379 501 2427; x_wconf 91' lang='lat' dir='ltr'><strong>et</strong></span> <span class='ocrx_word' id='word_1_188' title='bbox 509 2373 687 2428; x_wconf 85' lang='lat' dir='ltr'><strong>Numantinis</strong></span> <span class='ocrx_word' id='word_1_189' title='bbox 696 2389 796 2442; x_wconf 88' lang='lat' dir='ltr'><strong>pacem</strong></span> <span class='ocrx_word' id='word_1_190' title='bbox 806 2371 842 2426; x_wconf 91' lang='lat' dir='ltr'><strong>ab</strong></span> <span class='ocrx_word' id='word_1_191' title='bbox 851 2372 1013 2428; x_wconf 89' lang='lat' dir='ltr'><strong>infirmitate</strong></span> <span class='ocrx_word' id='word_1_192' title='bbox 1023 2373 1098 2428; x_wconf 82' lang='lat' dir='ltr'><strong>iecit.</strong></span> <span class='ocrx_word' id='word_1_193' title='bbox 1125 2374 1397 2429; x_wconf 89' lang='lat' dir='ltr'><strong>lustrumacensori·</strong></span> 
     </span>
     <span class='ocr_line' id='line_1_26' title="bbox 372 2441 1399 2514; baseline 0.003 -19"><span class='ocrx_word' id='word_1_194' title='bbox 372 2441 426 2495; x_wconf 89' lang='lat' dir='ltr'><strong>bus</strong></span> <span class='ocrx_word' id='word_1_195' title='bbox 439 2441 581 2496; x_wconf 89' lang='lat' dir='ltr'><strong>conditum</strong></span> <span class='ocrx_word' id='word_1_196' title='bbox 594 2446 649 2496; x_wconf 88' lang='lat' dir='ltr'><strong>est:</strong></span> <span class='ocrx_word' id='word_1_197' title='bbox 668 2457 752 2496; x_wconf 89' lang='lat' dir='ltr'><strong>censa</strong></span> <span class='ocrx_word' id='word_1_198' title='bbox 760 2445 826 2495; x_wconf 88' lang='lat' dir='ltr'><strong>sunt</strong></span> <span class='ocrx_word' id='word_1_199' title='bbox 835 2441 936 2497; x_wconf 86' lang='lat' dir='ltr'><strong>civium</strong></span> <span class='ocrx_word' id='word_1_200' title='bbox 945 2441 1040 2513; x_wconf 87' lang='lat' dir='ltr'><strong>capita</strong></span> <span class='ocrx_word' id='word_1_201' title='bbox 1048 2448 1176 2499; x_wconf 88' lang='lat' dir='ltr'><strong>trecenta</strong></span> <span class='ocrx_word' id='word_1_202' title='bbox 1184 2442 1283 2514; x_wconf 85' lang='lat' dir='ltr'><strong>viginti</strong></span> <span class='ocrx_word' id='word_1_203' title='bbox 1292 2448 1399 2512; x_wconf 86' lang='lat' dir='ltr'><strong>septem</strong></span> 
     </span>
     <span class='ocr_line' id='line_1_27' title="bbox 372 2509 1400 2582; baseline 0.004 -20"><span class='ocrx_word' id='word_1_204' title='bbox 372 2509 463 2579; x_wconf 86' lang='lat' dir='ltr'><strong>milia,</strong></span> <span class='ocrx_word' id='word_1_205' title='bbox 483 2510 602 2580; x_wconf 90' lang='lat' dir='ltr'><strong>quadrin</strong></span> <span class='ocrx_word' id='word_1_206' title='bbox 623 2515 690 2564; x_wconf 91' lang='lat' dir='ltr'><strong>enta</strong></span> <span class='ocrx_word' id='word_1_207' title='bbox 727 2510 897 2581; x_wconf 82' lang='lat' dir='ltr'><strong>uadraginta</strong></span> <span class='ocrx_word' id='word_1_208' title='bbox 917 2512 983 2565; x_wconf 92' lang='lat' dir='ltr'><strong>duo.</strong></span> <span class='ocrx_word' id='word_1_209' title='bbox 1028 2527 1091 2565; x_wconf 90' lang='lat' dir='ltr'><strong>cum</strong></span> <span class='ocrx_word' id='word_1_210' title='bbox 1108 2511 1293 2566; x_wconf 81' lang='lat' dir='ltr'><strong>Macedonum</strong></span> <span class='ocrx_word' id='word_1_211' title='bbox 1310 2512 1400 2582; x_wconf 84' lang='lat' dir='ltr'><strong>legati</strong></span> 
     </span>
     <span class='ocr_line' id='line_1_28' title="bbox 373 2528 1398 2660; baseline 0 -27"><span class='ocrx_word' id='word_1_212' title='bbox 373 2584 501 2658; x_wconf 70' lang='lat' dir='ltr'><strong>questum</strong></span> <span class='ocrx_word' id='word_1_213' title='bbox 510 2579 545 2659; x_wconf 83' lang='lat' dir='ltr'><strong>de</strong></span> <span class='ocrx_word' id='word_1_214' title='bbox 554 2578 590 2659; x_wconf 90' lang='lat' dir='ltr'><strong>D.</strong></span> <span class='ocrx_word' id='word_1_215' title='bbox 603 2528 680 2634; x_wconf 63' lang='lat' dir='ltr'><strong>iunio</strong></span> <span class='ocrx_word' id='word_1_216' title='bbox 691 2528 786 2659; x_wconf 59' lang='lat' dir='ltr'><strong>Silano</strong></span> <span class='ocrx_word' id='word_1_217' title='bbox 795 2586 925 2649; x_wconf 88' lang='lat' dir='ltr'><strong>praetore</strong></span> <span class='ocrx_word' id='word_1_218' title='bbox 934 2579 1082 2648; x_wconf 86' lang='lat' dir='ltr'><strong>venissent,</strong></span> <span class='ocrx_word' id='word_1_219' title='bbox 1097 2580 1172 2660; x_wconf 85' lang='lat' dir='ltr'><strong>quod</strong></span> <span class='ocrx_word' id='word_1_220' title='bbox 1182 2580 1305 2650; x_wconf 90' lang='lat' dir='ltr'><strong>acceptis</strong></span> <span class='ocrx_word' id='word_1_221' title='bbox 1314 2596 1398 2651; x_wconf 92' lang='lat' dir='ltr'><strong>pecu·</strong></span> 
     </span>
     <span class='ocr_line' id='line_1_29' title="bbox 372 2647 1400 2718; baseline 0.002 -18"><span class='ocrx_word' id='word_1_222' title='bbox 372 2665 426 2701; x_wconf 86' lang='lat' dir='ltr'><strong>nus</strong></span> <span class='ocrx_word' id='word_1_223' title='bbox 448 2664 620 2718; x_wconf 84' lang='lat' dir='ltr'><strong>provmcram</strong></span> <span class='ocrx_word' id='word_1_224' title='bbox 638 2647 797 2717; x_wconf 88' lang='lat' dir='ltr'><strong>spohasset,</strong></span> <span class='ocrx_word' id='word_1_225' title='bbox 822 2651 851 2703; x_wconf 88' lang='lat' dir='ltr'><strong>et</strong></span> <span class='ocrx_word' id='word_1_226' title='bbox 869 2648 1036 2703; x_wconf 89' lang='lat' dir='ltr'><strong>senatus-de</strong></span> <span class='ocrx_word' id='word_1_227' title='bbox 1054 2648 1185 2718; x_wconf 89' lang='lat' dir='ltr'><strong>querellrs</strong></span> <span class='ocrx_word' id='word_1_228' title='bbox 1203 2664 1297 2704; x_wconf 89' lang='lat' dir='ltr'><strong>eorum</strong></span> <span class='ocrx_word' id='word_1_229' title='bbox 1314 2649 1400 2703; x_wconf 80' lang='lat' dir='ltr'><strong>vellet</strong></span> 
     </span>
     <span class='ocr_line' id='line_1_30' title="bbox 372 2715 1398 2797; baseline -0.002 -26"><span class='ocrx_word' id='word_1_230' title='bbox 372 2732 541 2797; x_wconf 76' lang='lat' dir='ltr'><strong>cognoscere</strong></span> <span class='ocrx_word' id='word_1_231' title='bbox 547 2756 561 2796; x_wconf 81' lang='lat'><strong>².</strong></span> <span class='ocrx_word' id='word_1_232' title='bbox 569 2715 605 2769; x_wconf 91' lang='lat' dir='ltr'><strong>T.</strong></span> <span class='ocrx_word' id='word_1_233' title='bbox 614 2715 737 2796; x_wconf 75' lang='lat' dir='ltr'><strong>Manlius</strong></span> <span class='ocrx_word' id='word_1_234' title='bbox 745 2715 915 2786; x_wconf 84' lang='lat' dir='ltr'><strong>Torquatus,</strong></span> <span class='ocrx_word' id='word_1_235' title='bbox 929 2721 1011 2787; x_wconf 88' lang='lat' dir='ltr'><strong>pater</strong></span> <span class='ocrx_word' id='word_1_236' title='bbox 1020 2715 1121 2797; x_wconf 77' lang='lat' dir='ltr'><strong>Silani,</strong></span> <span class='ocrx_word' id='word_1_237' title='bbox 1138 2717 1220 2787; x_wconf 90' lang='lat' dir='ltr'><strong>petiit</strong></span> <span class='ocrx_word' id='word_1_238' title='bbox 1229 2717 1398 2797; x_wconf 81' lang='lat' dir='ltr'><strong>impetravit-</strong></span> 
     </span>
     <span class='ocr_line' id='line_1_31' title="bbox 372 2783 1399 2933; baseline 0.001 -27"><span class='ocrx_word' id='word_1_239' title='bbox 372 2785 613 2932; x_wconf 66' lang='lat' dir='ltr'><strong>uaustus</strong></span> <span class='ocrx_word' id='word_1_240' title='bbox 634 2783 1166 2933; x_wconf 60' lang='lat' dir='ltr'><strong>,ttartaarstbasat</strong></span> <span class='ocrx_word' id='word_1_241' title='bbox 1178 2784 1399 2923; x_wconf 59' lang='lat' dir='ltr'><strong>cassaira</strong></span> 
     </span>
     <span class='ocr_line' id='line_1_32' title="bbox 372 2919 1399 2991; baseline 0 -18"><span class='ocrx_word' id='word_1_242' title='bbox 372 2927 458 2974; x_wconf 77' lang='lat' dir='ltr'><strong>urtam</strong></span> <span class='ocrx_word' id='word_1_243' title='bbox 470 2920 590 2988; x_wconf 77' lang='lat' dir='ltr'><strong>linisset,</strong></span> <span class='ocrx_word' id='word_1_244' title='bbox 605 2919 732 2974; x_wconf 77' lang='lat' dir='ltr'><strong>intersint</strong></span> <span class='ocrx_word' id='word_1_245' title='bbox 745 2920 900 2990; x_wconf 86' lang='lat' dir='ltr'><strong>sedensque</strong></span> <span class='ocrx_word' id='word_1_246' title='bbox 915 2920 989 2974; x_wconf 86' lang='lat' dir='ltr'><strong>domr</strong></span> <span class='ocrx_word' id='word_1_247' title='bbox 998 2926 1166 2991; x_wconf 90' lang='lat' dir='ltr'><strong>potestatem</strong></span> <span class='ocrx_word' id='word_1_248' title='bbox 1176 2921 1399 2976; x_wconf 87' lang='lat' dir='ltr'><strong>consultantibus</strong></span> 
     </span>
     <span class='ocr_line' id='line_1_33' title="bbox 372 2986 1400 3060; baseline 0.001 -17"><span class='ocrx_word' id='word_1_249' title='bbox 372 3006 407 3043; x_wconf 88' lang='lat' dir='ltr'><strong>cr</strong></span> <span class='ocrx_word' id='word_1_250' title='bbox 420 2987 546 3042; x_wconf 87' lang='lat' dir='ltr'><strong>instituto</strong></span> <span class='ocrx_word' id='word_1_251' title='bbox 559 2986 636 3042; x_wconf 85' lang='lat' dir='ltr'><strong>fecit.</strong></span> <span class='ocrx_word' id='word_1_252' title='bbox 664 2987 697 3052; x_wconf 82' lang='lat' dir='ltr'><strong>Q.</strong></span> <span class='ocrx_word' id='word_1_253' title='bbox 708 2987 814 3043; x_wconf 81' lang='lat' dir='ltr'><strong>Fabius</strong></span> <span class='ocrx_word' id='word_1_254' title='bbox 827 2989 976 3058; x_wconf 89' lang='lat' dir='ltr'><strong>proconsul</strong></span> <span class='ocrx_word' id='word_1_255' title='bbox 989 2989 1072 3045; x_wconf 89' lang='lat' dir='ltr'><strong>rebus</strong></span> <span class='ocrx_word' id='word_1_256' title='bbox 1083 2990 1111 3043; x_wconf 91' lang='lat' dir='ltr'><strong>in</strong></span> <span class='ocrx_word' id='word_1_257' title='bbox 1120 2989 1259 3059; x_wconf 89' lang='lat' dir='ltr'><strong>Hispania</strong></span> <span class='ocrx_word' id='word_1_258' title='bbox 1267 3006 1400 3060; x_wconf 90' lang='lat' dir='ltr'><strong>prospere</strong></span> 
     </span>
    </p>

    <p class='ocr_par' dir='ltr' id='par_1_6' title="bbox 371 3055 1401 3450">
     <span class='ocr_line' id='line_1_34' title="bbox 394 3055 1400 3136; baseline 0 -26"><span class='ocrx_word' id='word_1_259' title='bbox 394 3057 460 3110; x_wconf 82' lang='lat' dir='ltr'><strong>estis</strong></span> <span class='ocrx_word' id='word_1_260' title='bbox 473 3055 566 3109; x_wconf 86' lang='lat' dir='ltr'><strong>labem</strong></span> <span class='ocrx_word' id='word_1_261' title='bbox 575 3056 707 3136; x_wconf 86' lang='lat' dir='ltr'><strong>imposuit</strong></span> <span class='ocrx_word' id='word_1_262' title='bbox 715 3073 786 3124; x_wconf 88' lang='lat' dir='ltr'><strong>pace</strong></span> <span class='ocrx_word' id='word_1_263' title='bbox 796 3073 860 3110; x_wconf 91' lang='lat' dir='ltr'><strong>cum</strong></span> <span class='ocrx_word' id='word_1_264' title='bbox 868 3056 977 3113; x_wconf 88' lang='lat' dir='ltr'><strong>Viriato</strong></span> <span class='ocrx_word' id='word_1_265' title='bbox 987 3057 1084 3127; x_wconf 86' lang='lat' dir='ltr'><strong>aequis</strong></span> <span class='ocrx_word' id='word_1_266' title='bbox 1093 3058 1302 3112; x_wconf 89' lang='lat' dir='ltr'><strong>condicionibus</strong></span> <span class='ocrx_word' id='word_1_267' title='bbox 1311 3056 1400 3112; x_wconf 87' lang='lat' dir='ltr'><strong>facta.</strong></span> 
     </span>
     <span class='ocr_line' id='line_1_35' title="bbox 372 3075 1401 3195; baseline 0.001 -17"><span class='ocrx_word' id='word_1_268' title='bbox 372 3075 497 3179; x_wconf 58' lang='lat' dir='ltr'><strong>inians</strong></span> <span class='ocrx_word' id='word_1_269' title='bbox 511 3140 529 3177; x_wconf 92' lang='lat' dir='ltr'><strong>a</strong></span> <span class='ocrx_word' id='word_1_270' title='bbox 537 3122 725 3192; x_wconf 78' lang='lat' dir='ltr'><strong>proditoribus</strong></span> <span class='ocrx_word' id='word_1_271' title='bbox 739 3124 855 3178; x_wconf 90' lang='lat' dir='ltr'><strong>consilio</strong></span> <span class='ocrx_word' id='word_1_272' title='bbox 866 3123 966 3181; x_wconf 83' lang='lat' dir='ltr'><strong>Servili</strong></span> <span class='ocrx_word' id='word_1_273' title='bbox 975 3125 1124 3195; x_wconf 85' lang='lat' dir='ltr'><strong>Caepionis</strong></span> <span class='ocrx_word' id='word_1_274' title='bbox 1137 3126 1300 3181; x_wconf 82' lang='lat' dir='ltr'><strong>interiectus</strong></span> <span class='ocrx_word' id='word_1_275' title='bbox 1315 3130 1357 3181; x_wconf 88' lang='lat' dir='ltr'><strong>est</strong></span> <span class='ocrx_word' id='word_1_276' title='bbox 1371 3132 1401 3181; x_wconf 91' lang='lat' dir='ltr'><strong>et</strong></span> 
     </span>
     <span class='ocr_line' id='line_1_36' title="bbox 373 3190 1399 3264; baseline 0.001 -18"><span class='ocrx_word' id='word_1_277' title='bbox 373 3192 410 3246; x_wconf 91' lang='lat' dir='ltr'><strong>ab</strong></span> <span class='ocrx_word' id='word_1_278' title='bbox 425 3192 547 3246; x_wconf 85' lang='lat' dir='ltr'><strong>exercitu</strong></span> <span class='ocrx_word' id='word_1_279' title='bbox 561 3208 611 3245; x_wconf 89' lang='lat' dir='ltr'><strong>suo</strong></span> <span class='ocrx_word' id='word_1_280' title='bbox 619 3190 736 3245; x_wconf 89' lang='lat' dir='ltr'><strong>multum</strong></span> <span class='ocrx_word' id='word_1_281' title='bbox 746 3193 933 3263; x_wconf 90' lang='lat' dir='ltr'><strong>comploratus</strong></span> <span class='ocrx_word' id='word_1_282' title='bbox 944 3209 977 3247; x_wconf 91' lang='lat' dir='ltr'><strong>ac</strong></span> <span class='ocrx_word' id='word_1_283' title='bbox 986 3194 1119 3249; x_wconf 91' lang='lat' dir='ltr'><strong>nobiliter</strong></span> <span class='ocrx_word' id='word_1_284' title='bbox 1127 3194 1265 3264; x_wconf 89' lang='lat' dir='ltr'><strong>sepultus,</strong></span> <span class='ocrx_word' id='word_1_285' title='bbox 1280 3195 1323 3247; x_wconf 79' lang='lat' dir='ltr'><strong>vir</strong></span> <span class='ocrx_word' id='word_1_286' title='bbox 1332 3194 1399 3248; x_wconf 86' lang='lat' dir='ltr'><strong>dux·</strong></span> 
     </span>
     <span class='ocr_line' id='line_1_37' title="bbox 371 3262 1400 3334; baseline 0.002 -21"><span class='ocrx_word' id='word_1_287' title='bbox 371 3278 427 3330; x_wconf 90' lang='lat' dir='ltr'><strong>que</strong></span> <span class='ocrx_word' id='word_1_288' title='bbox 445 3277 566 3331; x_wconf 85' lang='lat' dir='ltr'><strong>magnus</strong></span> <span class='ocrx_word' id='word_1_289' title='bbox 584 3265 613 3314; x_wconf 90' lang='lat' dir='ltr'><strong>et</strong></span> <span class='ocrx_word' id='word_1_290' title='bbox 629 3277 680 3329; x_wconf 89' lang='lat' dir='ltr'><strong>per</strong></span> <span class='ocrx_word' id='word_1_291' title='bbox 697 3262 921 3329; x_wconf 85' lang='lat' dir='ltr'><strong>quattuordecim</strong></span> <span class='ocrx_word' id='word_1_292' title='bbox 942 3278 1043 3317; x_wconf 82' lang='lat' dir='ltr'><strong>annos,</strong></span> <span class='ocrx_word' id='word_1_293' title='bbox 1067 3263 1167 3334; x_wconf 88' lang='lat' dir='ltr'><strong>quibus</strong></span> <span class='ocrx_word' id='word_1_294' title='bbox 1186 3280 1248 3318; x_wconf 89' lang='lat' dir='ltr'><strong>cum</strong></span> <span class='ocrx_word' id='word_1_295' title='bbox 1264 3262 1400 3317; x_wconf 89' lang='lat' dir='ltr'><strong>Romanis</strong></span> 
     </span>
     <span class='ocr_line' id='line_1_38' title="bbox 373 3328 912 3399; baseline -0.002 -16"><span class='ocrx_word' id='word_1_296' title='bbox 373 3330 478 3384; x_wconf 88' lang='lat' dir='ltr'><strong>bellum</strong></span> <span class='ocrx_word' id='word_1_297' title='bbox 487 3328 583 3399; x_wconf 85' lang='lat' dir='ltr'><strong>gessit,</strong></span> <span class='ocrx_word' id='word_1_298' title='bbox 594 3328 767 3398; x_wconf 84' lang='lat' dir='ltr'><strong>frequentius</strong></span> <span class='ocrx_word' id='word_1_299' title='bbox 777 3331 912 3399; x_wconf 87' lang='lat' dir='ltr'><strong>superior.</strong></span> 
     </span>
     <span class='ocr_line' id='line_1_39' title="bbox 806 3409 967 3450; baseline -0.006 0"><span class='ocrx_word' id='word_1_300' title='bbox 806 3410 846 3450; x_wconf 84' lang='lat' dir='ltr'><strong>nx</strong></span> <span class='ocrx_word' id='word_1_301' title='bbox 855 3410 911 3450; x_wconf 82' lang='lat' dir='ltr'><strong>nrn.</strong></span> <span class='ocrx_word' id='word_1_302' title='bbox 921 3409 967 3450; x_wconf 82' lang='lat' dir='ltr'><strong>nv.</strong></span> 
     </span>
    </p>

    <p class='ocr_par' dir='ltr' id='par_1_7' title="bbox 373 3464 1467 4356">
     <span class='ocr_line' id='line_1_40' title="bbox 424 3464 1400 3537; baseline 0.002 -18"><span class='ocrx_word' id='word_1_303' title='bbox 424 3466 457 3519; x_wconf 91' lang='lat' dir='ltr'><strong>P.</strong></span> <span class='ocrx_word' id='word_1_304' title='bbox 476 3464 604 3521; x_wconf 90' lang='lat' dir='ltr'><strong>Cornelio</strong></span> <span class='ocrx_word' id='word_1_305' title='bbox 623 3465 741 3535; x_wconf 86' lang='lat' dir='ltr'><strong>Nasica,</strong></span> <span class='ocrx_word' id='word_1_306' title='bbox 764 3466 810 3520; x_wconf 91' lang='lat' dir='ltr'><strong>oui</strong></span> <span class='ocrx_word' id='word_1_307' title='bbox 828 3483 983 3537; x_wconf 84' lang='lat' dir='ltr'><strong>cognomen</strong></span> <span class='ocrx_word' id='word_1_308' title='bbox 1001 3465 1117 3536; x_wconf 86' lang='lat' dir='ltr'><strong>Serapio</strong></span> <span class='ocrx_word' id='word_1_309' title='bbox 1134 3464 1188 3520; x_wconf 90' lang='lat' dir='ltr'><strong>fuit</strong></span> <span class='ocrx_word' id='word_1_310' title='bbox 1206 3466 1242 3520; x_wconf 89' lang='lat' dir='ltr'><strong>ab</strong></span> <span class='ocrx_word' id='word_1_311' title='bbox 1261 3465 1400 3521; x_wconf 89' lang='lat' dir='ltr'><strong>inridente</strong></span> 
     </span>
     <span class='ocr_line' id='line_1_41' title="bbox 374 3534 1400 3605; baseline -0.002 -15"><span class='ocrx_word' id='word_1_312' title='bbox 374 3534 498 3590; x_wconf 87' lang='lat' dir='ltr'><strong>Curiatio</strong></span> <span class='ocrx_word' id='word_1_313' title='bbox 520 3534 632 3588; x_wconf 92' lang='lat' dir='ltr'><strong>tribuno</strong></span> <span class='ocrx_word' id='word_1_314' title='bbox 654 3535 745 3605; x_wconf 92' lang='lat' dir='ltr'><strong>plebis</strong></span> <span class='ocrx_word' id='word_1_315' title='bbox 761 3535 925 3604; x_wconf 89' lang='lat' dir='ltr'><strong>inpositum,</strong></span> <span class='ocrx_word' id='word_1_316' title='bbox 944 3535 1014 3593; x_wconf 89' lang='lat' dir='ltr'><strong>Dec.</strong></span> <span class='ocrx_word' id='word_1_317' title='bbox 1032 3535 1115 3589; x_wconf 91' lang='lat' dir='ltr'><strong>Iunio</strong></span> <span class='ocrx_word' id='word_1_318' title='bbox 1131 3534 1219 3587; x_wconf 91' lang='lat' dir='ltr'><strong>Bruto</strong></span> <span class='ocrx_word' id='word_1_319' title='bbox 1239 3534 1400 3589; x_wconf 89' lang='lat' dir='ltr'><strong>consulibus</strong></span> 
     </span>
     <span class='ocr_line' id='line_1_42' title="bbox 374 3602 1400 3673; baseline 0 -17"><span class='ocrx_word' id='word_1_320' title='bbox 374 3604 506 3659; x_wconf 90' lang='lat' dir='ltr'><strong>dilectum</strong></span> <span class='ocrx_word' id='word_1_321' title='bbox 515 3603 698 3671; x_wconf 87' lang='lat' dir='ltr'><strong>habentibus,</strong></span> <span class='ocrx_word' id='word_1_322' title='bbox 712 3604 742 3656; x_wconf 92' lang='lat' dir='ltr'><strong>in</strong></span> <span class='ocrx_word' id='word_1_323' title='bbox 751 3610 904 3673; x_wconf 88' lang='lat' dir='ltr'><strong>conspectu</strong></span> <span class='ocrx_word' id='word_1_324' title='bbox 912 3605 1033 3658; x_wconf 87' lang='lat' dir='ltr'><strong>tironum</strong></span> <span class='ocrx_word' id='word_1_325' title='bbox 1041 3621 1087 3659; x_wconf 90' lang='lat' dir='ltr'><strong>res</strong></span> <span class='ocrx_word' id='word_1_326' title='bbox 1096 3602 1270 3658; x_wconf 89' lang='lat' dir='ltr'><strong>saluberrimi</strong></span> <span class='ocrx_word' id='word_1_327' title='bbox 1280 3604 1400 3673; x_wconf 81' lang='lat' dir='ltr'><strong>exempli</strong></span> 
     </span>
     <span class='ocr_line' id='line_1_43' title="bbox 373 3671 1401 3741; baseline 0 -16"><span class='ocrx_word' id='word_1_328' title='bbox 373 3672 451 3726; x_wconf 80' lang='lat' dir='ltr'><strong>facta</strong></span> <span class='ocrx_word' id='word_1_329' title='bbox 460 3677 516 3740; x_wconf 78' lang='lat' dir='ltr'><strong>est3</strong></span> <span class='ocrx_word' id='word_1_330' title='bbox 529 3689 594 3725; x_wconf 88' lang='lat' dir='ltr'><strong>nam</strong></span> <span class='ocrx_word' id='word_1_331' title='bbox 605 3671 635 3727; x_wconf 82' lang='lat' dir='ltr'><strong>C.</strong></span> <span class='ocrx_word' id='word_1_332' title='bbox 646 3672 786 3726; x_wconf 89' lang='lat' dir='ltr'><strong>Matienus</strong></span> <span class='ocrx_word' id='word_1_333' title='bbox 795 3677 941 3727; x_wconf 87' lang='lat' dir='ltr'><strong>accusatus</strong></span> <span class='ocrx_word' id='word_1_334' title='bbox 951 3677 994 3727; x_wconf 87' lang='lat' dir='ltr'><strong>est</strong></span> <span class='ocrx_word' id='word_1_335' title='bbox 1003 3677 1072 3741; x_wconf 90' lang='lat' dir='ltr'><strong>aput</strong></span> <span class='ocrx_word' id='word_1_336' title='bbox 1080 3671 1205 3726; x_wconf 86' lang='lat' dir='ltr'><strong>tribunos</strong></span> <span class='ocrx_word' id='word_1_337' title='bbox 1234 3671 1314 3738; x_wconf 89' lang='lat' dir='ltr'><strong>lebis,</strong></span> <span class='ocrx_word' id='word_1_338' title='bbox 1325 3671 1401 3740; x_wconf 90' lang='lat' dir='ltr'><strong>quod</strong></span> 
     </span>
     <span class='ocr_line' id='line_1_44' title="bbox 373 3689 1402 3820; baseline -0.001 -27"><span class='ocrx_word' id='word_1_339' title='bbox 373 3739 524 3819; x_wconf 69' lang='lat' dir='ltr'><strong>eremitam</strong></span> <span class='ocrx_word' id='word_1_340' title='bbox 546 3739 576 3793; x_wconf 89' lang='lat' dir='ltr'><strong>in</strong></span> <span class='ocrx_word' id='word_1_341' title='bbox 594 3740 734 3810; x_wconf 87' lang='lat' dir='ltr'><strong>Hispania</strong></span> <span class='ocrx_word' id='word_1_342' title='bbox 757 3739 938 3820; x_wconf 77' lang='lat' dir='ltr'><strong>deseruisset,</strong></span> <span class='ocrx_word' id='word_1_343' title='bbox 962 3740 1165 3820; x_wconf 72' lang='lat' dir='ltr'><strong>damnatusque</strong></span> <span class='ocrx_word' id='word_1_344' title='bbox 1185 3689 1244 3820; x_wconf 43' lang='lat' dir='ltr'><strong>snb·</strong></span> <span class='ocrx_word' id='word_1_345' title='bbox 1254 3738 1334 3819; x_wconf 77' lang='lat' dir='ltr'><strong>furca</strong></span> <span class='ocrx_word' id='word_1_346' title='bbox 1352 3739 1402 3793; x_wconf 87' lang='lat' dir='ltr'><strong>diu</strong></span> 
     </span>
     <span class='ocr_line' id='line_1_45' title="bbox 373 3807 1402 3945; baseline -0.005 -19"><span class='ocrx_word' id='word_1_347' title='bbox 373 3807 1402 3945; x_wconf 54' lang='lat' dir='ltr'><strong>{ututurtitttributffbttuleiimtllbritu}</strong></span> 
     </span>
     <span class='ocr_line' id='line_1_46' title="bbox 374 3942 1402 4015; baseline 0.007 -23"><span class='ocrx_word' id='word_1_348' title='bbox 374 3959 387 3992; x_wconf 89' lang='lat' dir='ltr'><strong>s</strong></span> <span class='ocrx_word' id='word_1_349' title='bbox 419 3960 448 3996; x_wconf 85' lang='lat' dir='ltr'><strong>es</strong></span> <span class='ocrx_word' id='word_1_350' title='bbox 461 3944 490 3997; x_wconf 92' lang='lat' dir='ltr'><strong>in</strong></span> <span class='ocrx_word' id='word_1_351' title='bbox 499 3960 639 3999; x_wconf 89' lang='lat' dir='ltr'><strong>carcerem</strong></span> <span class='ocrx_word' id='word_1_352' title='bbox 649 3943 713 3997; x_wconf 89' lang='lat' dir='ltr'><strong>duci</strong></span> <span class='ocrx_word' id='word_1_353' title='bbox 722 3943 870 3998; x_wconf 89' lang='lat' dir='ltr'><strong>iusserunt.</strong></span> <span class='ocrx_word' id='word_1_354' title='bbox 896 3944 993 3998; x_wconf 87' lang='lat' dir='ltr'><strong>Iunius</strong></span> <span class='ocrx_word' id='word_1_355' title='bbox 1001 3942 1105 3997; x_wconf 89' lang='lat' dir='ltr'><strong>Brutus</strong></span> <span class='ocrx_word' id='word_1_356' title='bbox 1116 3946 1212 3999; x_wconf 90' lang='lat' dir='ltr'><strong>consul</strong></span> <span class='ocrx_word' id='word_1_357' title='bbox 1222 3946 1250 3999; x_wconf 92' lang='lat' dir='ltr'><strong>in</strong></span> <span class='ocrx_word' id='word_1_358' title='bbox 1260 3944 1402 4015; x_wconf 88' lang='lat' dir='ltr'><strong>Hispania</strong></span> 
     </span>
     <span class='ocr_line' id='line_1_47' title="bbox 374 4008 1400 4092; baseline 0.005 -31"><span class='ocrx_word' id='word_1_359' title='bbox 374 4008 428 4075; x_wconf 89' lang='lat' dir='ltr'><strong>eis,</strong></span> <span class='ocrx_word' id='word_1_360' title='bbox 447 4011 496 4078; x_wconf 90' lang='lat' dir='ltr'><strong>qui</strong></span> <span class='ocrx_word' id='word_1_361' title='bbox 510 4012 565 4066; x_wconf 86' lang='lat' dir='ltr'><strong>¹sub</strong></span> <span class='ocrx_word' id='word_1_362' title='bbox 578 4012 687 4067; x_wconf 83' lang='lat' dir='ltr'><strong>Viriato</strong></span> <span class='ocrx_word' id='word_1_363' title='bbox 705 4011 895 4066; x_wconf 77' lang='lat' dir='ltr'><strong>militaverant</strong></span> <span class='ocrx_word' id='word_1_364' title='bbox 927 4026 1010 4083; x_wconf 87' lang='lat' dir='ltr'><strong>agros</strong></span> <span class='ocrx_word' id='word_1_365' title='bbox 1028 4016 1057 4065; x_wconf 91' lang='lat' dir='ltr'><strong>et</strong></span> <span class='ocrx_word' id='word_1_366' title='bbox 1071 4014 1204 4083; x_wconf 90' lang='lat' dir='ltr'><strong>oppidum</strong></span> <span class='ocrx_word' id='word_1_367' title='bbox 1218 4014 1308 4079; x_wconf 87' lang='lat' dir='ltr'><strong>dedit,</strong></span> <span class='ocrx_word' id='word_1_368' title='bbox 1325 4013 1400 4092; x_wconf 87' lang='lat' dir='ltr'><strong>quod</strong></span> 
     </span>
     <span class='ocr_line' id='line_1_48' title="bbox 374 4077 1401 4152; baseline 0.007 -24"><span class='ocrx_word' id='word_1_369' title='bbox 374 4082 503 4129; x_wconf 84' lang='lat' dir='ltr'><strong>vocaturn</strong></span> <span class='ocrx_word' id='word_1_370' title='bbox 525 4085 569 4133; x_wconf 89' lang='lat' dir='ltr'><strong>est</strong></span> <span class='ocrx_word' id='word_1_371' title='bbox 585 4078 727 4135; x_wconf 84' lang='lat' dir='ltr'><strong>Valentia.</strong></span> <span class='ocrx_word' id='word_1_372' title='bbox 763 4079 801 4133; x_wconf 87' lang='grc' dir='ltr'><strong>Μ.</strong></span> <span class='ocrx_word' id='word_1_373' title='bbox 820 4079 892 4150; x_wconf 82' lang='lat' dir='ltr'><strong>Popi</strong></span> <span class='ocrx_word' id='word_1_374' title='bbox 905 4079 947 4133; x_wconf 86' lang='lat' dir='ltr'><strong>&#39;us</strong></span> <span class='ocrx_word' id='word_1_375' title='bbox 965 4097 982 4134; x_wconf 88' lang='lat' dir='ltr'><strong>a</strong></span> <span class='ocrx_word' id='word_1_376' title='bbox 999 4077 1189 4150; x_wconf 87' lang='lat' dir='ltr'><strong>Numantinis,</strong></span> <span class='ocrx_word' id='word_1_377' title='bbox 1213 4099 1276 4136; x_wconf 88' lang='lat' dir='ltr'><strong>oum</strong></span> <span class='ocrx_word' id='word_1_378' title='bbox 1299 4081 1401 4152; x_wconf 87' lang='lat' dir='ltr'><strong>qurbus</strong></span> 
     </span>
     <span class='ocr_line' id='line_1_49' title="bbox 374 4143 1402 4289; baseline 0.008 -25"><span class='ocrx_word' id='word_1_379' title='bbox 374 4143 1402 4289; x_wconf 53' lang='lat' dir='ltr'><strong>iutuitu³”tt‘tlti0&#39;ttitt0tlttisirutittblttt</strong></span> 
     </span>
     <span class='ocr_line' id='line_1_50' title="bbox 375 4279 1467 4356; baseline 0.006 -21"><span class='ocrx_word' id='word_1_380' title='bbox 375 4296 462 4335; x_wconf 83' lang='lat' dir='ltr'><strong>cavea</strong></span> <span class='ocrx_word' id='word_1_381' title='bbox 475 4279 667 4351; x_wconf 82' lang='lat' dir='ltr'><strong>evolaverunt3</strong></span> <span class='ocrx_word' id='word_1_382' title='bbox 685 4284 884 4339; x_wconf 87' lang='lat' dir='ltr'><strong>conscendenti</strong></span> <span class='ocrx_word' id='word_1_383' title='bbox 896 4284 998 4340; x_wconf 84' lang='lat' dir='ltr'><strong>deinde</strong></span> <span class='ocrx_word' id='word_1_384' title='bbox 1012 4301 1123 4354; x_wconf 83' lang='lat' dir='ltr'><strong>narem,</strong></span> <span class='ocrx_word' id='word_1_385' title='bbox 1143 4292 1174 4341; x_wconf 90' lang='lat' dir='ltr'><strong>ut</strong></span> <span class='ocrx_word' id='word_1_386' title='bbox 1188 4287 1216 4339; x_wconf 91' lang='lat' dir='ltr'><strong>in</strong></span> <span class='ocrx_word' id='word_1_387' title='bbox 1231 4286 1401 4356; x_wconf 88' lang='lat' dir='ltr'><strong>Hispaniam</strong></span> <span class='ocrx_word' id='word_1_388' title='bbox 1463 4285 1467 4290; x_wconf 82' lang='grc'><strong>’</strong></span> 
     </span>
    </p>
   </div>
   <div class='ocr_carea' id='block_1_3' title="bbox 0 0 1696 4975">
    <p class='ocr_par' dir='ltr' id='par_1_8' title="bbox 0 0 1696 4975">
     <span class='ocr_line' id='line_1_51' title="bbox 0 0 1696 4975; baseline 0 0"><span class='ocrx_word' id='word_1_389' title='bbox 0 0 1696 4975; x_wconf 95' lang='lat' dir='ltr'><strong> </strong></span> 
     </span>
    </p>
   </div>
  </div>
 </body>
</html>
