3384 4975
524 529 642 584 arara
658 527 815 598 xxxxv,
832 526 909 580 2-4.
930 525 1083 594 [aenea
1258 511 1322 577 153

295 691 371 755 dato
393 708 499 752 annue
525 685 682 772 stipendio
706 683 821 747 dimitti
839 693 872 748 et
893 704 968 747 cum
988 681 1038 747 bis
1057 703 1181 760 omnes,
1209 683 1264 766 qui
1285 683 1319 747 in

295 784 434 849 consulis
461 781 560 846 verba
585 781 782 854 iuraverant;
815 788 847 842 et
873 776 960 860 quod
986 777 1121 840 militum
1148 774 1319 862 Corcyrae,
1339 795 1370 844 11

294 878 458 952 Brundisi,
477 877 519 940 ad
536 896 623 938 mare
642 894 794 957 superum
811 872 918 935 autin
936 892 1013 956 agro
1022 870 1169 935 Larinati
1187 883 1321 937 esset-

296 971 446 1036 omnibus
468 968 519 1032 his
540 967 618 1031 locis
642 966 813 1050 dispositus
832 965 989 1031 exereitus
1012 965 1131 1040 fuerat,
1154 987 1228 1028 eum
1246 986 1321 1047 quo,

296 1066 393 1128 sires
411 1071 565 1147 posceret,
585 1058 624 1124 C.
642 1059 789 1123 Licinius
807 1060 949 1145 collegae
967 1059 1064 1124 ferret
1082 1081 1176 1143 opem
1192 1094 1245 1135 -,
1263 1058 1321 1122 hos

297 1179 408 1221 omnes
428 1155 544 1218 milites
567 1153 683 1217 dimitti
704 1153 834 1237 placuit.
881 1153 1069 1260 supplicatio
1091 1151 1319 1237 pro-contione
1339 1173 1372 1219 ιι

295 1249 416 1335 popule
440 1247 560 1311 indicta
577 1257 625 1310 est
643 1269 683 1310 ex
701 1256 774 1310 ante
744 1246 879 1312 tediem
902 1247 1048 1329 quintum
1071 1245 1143 1310 idus
1162 1243 1322 1377 Octobres

297 1365 372 1408 oum
390 1364 428 1406 eo
447 1341 525 1405 die
516 1365 551 1404 ιιι
568 1340 708 1423 quinque
727 1340 804 1406 dies.

362 1435 425 1500 HI.
452 1434 506 1498 Ex
529 1434 657 1519 illyrico
681 1433 744 1497 duo
766 1432 924 1519 legatiO.
944 1434 1089 1498 Licinius
1107 1370 1265 1504 Nervaet
1282 1433 1321 1497 P.
1343 1453 1357 1500 ι

295 1529 421 1596 Decius
438 1528 639 1604 nuntiarunt,
668 1528 843 1592 exereitum
861 1529 1044 1612 Illyriorum
1067 1549 1209 1606 caesum,
1234 1527 1323 1593 Geu-

296 1622 378 1687 tium
395 1645 504 1707 regem
523 1632 666 1706 captum,
689 1621 723 1684 in
741 1621 865 1687 dicione
883 1623 993 1707 populi
1010 1623 1148 1687 Romani
1169 1634 1201 1688 et
1218 1622 1323 1707 Illyri-

297 1739 372 1780 cum
390 1739 468 1781 esse.
500 1715 542 1779 eb
560 1738 614 1779 eas
632 1738 682 1780 res
700 1727 808 1800 gestas
827 1716 925 1780 ductu
943 1717 1148 1801 auspicioque
1166 1716 1207 1780 1..
1226 1716 1323 1779 Anici
1342 1735 1358 1780 2

296 1810 451 1894 praetoris
470 1819 598 1873 senatus
615 1809 649 1872 in
666 1809 804 1873 triduom
822 1810 1069 1894 supplicationes
1088 1809 1237 1874 decrevit.
1273 1809 1323 1872 in-

297 1903 402 1967 dictae
420 1926 440 1966 a
458 1904 587 1967 consule
610 1914 684 1966 sunt
700 1904 734 1966 in
752 1914 825 1968 ante
844 1901 960 1988 [diem]
980 1914 1129 1986 quartum
1147 1914 1179 1968 et
1195 1902 1324 1967 tertium

298 2006 331 2061 et
347 1995 449 2079 pridie
466 1995 538 2058 idus
556 1994 764 2059 Novembres.

364 2087 540 2151 Tradidere
557 2087 688 2170 quidam
705 2088 828 2172 legatos
838 2087 992 2163 Rhodios,
1010 2088 1153 2151 nondum
1166 2088 1322 2164 dimissos,
1342 2107 1357 2153 3

298 2193 373 2269 post
390 2182 555 2246 victoriam
572 2182 750 2246 nuntiatam
762 2183 852 2245 velut
868 2184 910 2246 ad
927 2182 1102 2246 ludibrium
1120 2182 1252 2246 stolidae
1271 2204 1323 2245 su-

297 2276 428 2362 perbiae
445 2271 479 2339 in
492 2286 639 2341 senatum
652 2286 781 2341 vocatos
797 2297 876 2340 esse.
903 2276 948 2340 ibi
957 2277 1131 2360 Agepolim
1148 2275 1324 2360 principem
1341 2295 1359 2341 4

299 2393 410 2435 eorum
432 2370 478 2434 ita
502 2371 661 2435 locutum:
687 2369 802 2434 missos
824 2392 894 2435 esse
916 2371 1040 2455 legatos
1063 2369 1103 2433 ab
1126 2369 1260 2453 Rhodiis
1283 2370 1325 2434 ad

298 2485 412 2549 paoem
428 2463 511 2528 inter
527 2465 689 2530 Romanos
707 2476 739 2530 ct
756 2463 877 2530 Persea
895 2464 1083 2541 faciendam,
1102 2464 1189 2547 quod
1205 2463 1240 2528 id
1256 2463 1324 2528 bel·
1342 2480 1358 2529 5

298 2559 367 2621 lum
384 2579 482 2641 grave
500 2568 596 2640 atque
613 2558 850 2622 incommodum
870 2557 1026 2623 Graeciae
1046 2559 1141 2632 omni,
1160 2568 1325 2642 sumptuo-

299 2673 372 2715 sum
390 2672 428 2714 ae
446 2651 635 2714 damnosum
652 2652 729 2735 ipsis
744 2651 898 2715 Romanis
917 2662 1009 2716 esset.
1036 2651 1197 2715 fortrmam
1214 2650 1324 2736 populi
1342 2668 1358 2714 6

298 2744 438 2809 Romani
455 2743 674 2820 benefecisse,
692 2743 819 2826 quando
833 2744 922 2807 finite
937 2743 1027 2808 aliter
1045 2744 1129 2807 bello
1143 2743 1325 2828 gratulandi

299 2836 361 2900 sibi
379 2838 419 2901 de
436 2837 569 2902 victoria
582 2837 712 2922 egregia
721 2837 874 2902 Romanis
890 2838 1158 2921 opportunitatem
1176 2837 1324 2902 dedisset.

298 2929 379 2994 haee
397 2929 438 2994 ab
447 2930 573 2994 Rhodio
592 2931 686 3007 dicta,
704 2951 892 3015 responsum
907 2931 948 2993 ab
962 2942 1075 2995 senatu
1090 2954 1168 3009 esse,
1181 2930 1325 2996 Rhodios
1388 2963 1393 2967 ·

299 3044 360 3087 nec
377 3023 560 3087 utilitatium
579 3022 734 3089 Graeciae
750 3021 884 3109 [gratia]
902 3044 1008 3107 neque
1026 3047 1103 3089 cura
1120 3026 1323 3110 inpensarum

299 3116 410 3201 populi
428 3117 579 3194 Romani,
599 3118 655 3183 sed
672 3140 730 3202 pro
747 3118 867 3183 Perseo
886 3118 1078 3203 legationem
1097 3142 1168 3183 eam
1185 3121 1324 3183 misisse:

300 3209 421 3273 namsi
438 3232 477 3273 ea
493 3210 605 3277 fuisset
622 3233 708 3287 cura,
727 3232 810 3294 quae
829 3212 1046 3289 emularetur,
1068 3224 1137 3277 tum
1154 3211 1324 3277 mittendos
1344 3230 1359 3275 r

299 3303 423 3387 legatos
445 3302 559 3380 fuisse,
588 3326 661 3369 eum
677 3304 817 3370 Perseus
841 3306 875 3369 in
892 3306 1092 3371 Thessaliam
1115 3308 1256 3371 exercitu
1277 3306 1326 3369 in-

301 3396 398 3460 ducto
415 3418 473 3480 per
494 3396 658 3461 biennium
676 3397 819 3464 Graecas
839 3399 936 3464 urbes
959 3401 1037 3463 alias
1055 3399 1228 3473 obsideret,
1248 3399 1325 3462 alias

301 3488 539 3552 denuntiatione
565 3512 725 3553 armorum
753 3500 897 3566 terreret3
930 3501 999 3553 tum
1024 3492 1145 3554 nullam
1169 3491 1257 3574 pacis
1285 3490 1362 3554 ab8

301 3578 437 3643 Rhodiis
459 3580 652 3645 mentionem
675 3581 802 3644 factam.
846 3591 1016 3666 postquam
1039 3592 1203 3665 superatos
1226 3582 1326 3664 saltus

301 3684 581 3755 transgressosque
611 3675 645 3736 in
671 3673 897 3738 Macedoniam
922 3675 1084 3739 Romanos
1112 3674 1270 3739 audierint
1295 3685 1327 3738 et

299 3765 461 3830 inclusum
486 3766 588 3830 teneri
612 3766 746 3842 Persea,
777 3776 854 3830 tune
880 3765 1023 3832 Rhodios
1049 3767 1240 3852 legationem
1266 3767 1326 3830 mi-

301 3859 396 3934 sisse,
412 3880 478 3923 nen
495 3858 536 3922 ad
554 3859 651 3923 ullam
668 3859 764 3923 aliam
780 3882 849 3924 rem
866 3883 963 3944 quam
981 3862 1021 3927 ad
1038 3861 1159 3926 Persea
1177 3884 1216 3926 ex
1233 3861 1326 3925 inmi-

301 3952 391 4016 nenti
416 3952 556 4036 perioulo
582 3952 788 4039 eripiendum.
841 3975 915 4019 curn
940 3955 1001 4021 hoo
1026 3976 1177 4041 responso
1203 3956 1324 4040 legatos

303 4046 459 4110 dimissos.

367 4141 448 4204 1111.
475 4141 541 4206 Per
558 4142 685 4209 eosdem
708 4143 774 4208 dies
792 4152 825 4208 et
840 4142 890 4207 M.
908 4144 1082 4208 Marcellus
1106 4166 1145 4208 ex
1162 4143 1325 4228 provincia
1344 4163 1358 4208 ι

302 4231 463 4320 Hispania
488 4235 645 4303 decedens
667 4236 843 4303 Marcolica
868 4237 967 4303 nobili
993 4238 1072 4303 urbe
1094 4249 1187 4323 capta
1214 4239 1325 4303 decem
