3384 4975
515 554 633 610 amaa
649 553 803 621 xxxxv,
823 551 865 604 31.
881 551 923 604 32.
943 517 1099 616 [sciar]
1259 536 1320 601 181

294 717 344 782 his
359 714 450 781 editis
462 712 644 778 nominibus
660 708 783 775 evocati
796 706 908 773 litteris
922 705 1121 792 imperatoris
1140 728 1180 770 ex
1193 707 1323 773 Aetolia

294 808 543 890 Acarnaniaque
562 815 594 870 et
615 803 716 888 Epiro
739 812 771 866 et
787 801 937 877 Boeotia,
961 800 1016 883 qui
1034 800 1170 866 Romam
1189 801 1230 865 ad
1247 825 1323 866 cau-

295 925 364 968 sam
382 902 550 969 dicendam
568 908 784 980 sequerentur.
819 896 854 960 in
871 895 1030 959 Achaiam
1049 918 1088 959 ex
1107 895 1219 959 decem
1235 895 1326 979 lega*

294 1009 401 1061 torum
416 1015 550 1059 numero
568 991 703 1077 profecti
721 991 795 1066 duo,
811 989 850 1054 O.
863 987 1018 1054 Claudius
1033 1002 1065 1053 et
1075 986 1136 1053 On.
1146 987 1320 1064 Domitius,

294 1100 330 1154 ut
358 1088 421 1173 ipsi
443 1087 547 1152 edicto
570 1095 749 1150 evocarent.
792 1084 827 1147 id
850 1084 975 1147 duabus
999 1083 1038 1148 dc
1063 1083 1166 1148 causis
1190 1082 1375 1160 factum,1o

294 1205 374 1257 una,
401 1182 488 1264 quod
512 1175 647 1244 fiduciae
670 1179 743 1262 plus
765 1177 1008 1259 animorumque
1032 1199 1100 1242 esse
1118 1177 1259 1242 Achaeis
1282 1179 1324 1240 ad

294 1297 360 1339 non
385 1273 562 1359 parendum
586 1272 772 1347 credebant,
800 1282 832 1336 ct
855 1270 988 1335 forsitan
1010 1271 1105 1335 etiam
1127 1266 1159 1334 in
1182 1271 1322 1355 periculo

294 1369 362 1434 fore
382 1365 576 1433 Callicraten
600 1378 632 1430 et
655 1377 776 1431 ceteros
795 1364 965 1429 criminum
983 1376 1129 1429 auctores
1152 1365 1324 1429 delatores-

295 1484 372 1546 que3
391 1464 490 1527 altera
509 1484 565 1527 cur
583 1471 765 1546 praesentes
784 1471 955 1525 evocarent
973 1481 1070 1524 causa
1084 1469 1161 1536 erat,
1180 1458 1268 1542 quod
1283 1481 1322 1523 ex
1342 1477 1372 1524 11

295 1557 365 1621 aliis
382 1557 531 1642 gentibus
549 1556 730 1641 principum
747 1554 868 1620 litteras
888 1555 1059 1640 deprensas
1077 1554 1111 1618 in
1129 1563 1324 1618 commenta-

289 1651 349 1730 riis
365 1651 462 1736 regiis
480 1650 652 1727 habebant,
670 1650 703 1714 in
721 1648 862 1714 Achaeis
881 1671 1012 1714 caecum
1031 1658 1099 1713 erat
1117 1647 1235 1713 crimen
1253 1648 1325 1711 nul-

294 1745 333 1810 lis
352 1768 462 1810 eorum
479 1746 591 1810 litteris
609 1744 756 1809 inventis.

359 1839 484 1903 Aetolis
507 1838 644 1903 dimissis
663 1839 871 1902 Acarnanum
889 1838 985 1901 citata
1003 1859 1092 1922 gens.
1124 1837 1159 1901 in
1176 1835 1226 1899 his
1245 1834 1323 1899 nihil
1344 1855 1375 1902 12

294 1943 447 1997 novatum
464 1932 527 1995 nisi
543 1931 630 2014 quod
646 1930 774 1996 Leucas
793 1941 942 2015 exempta
960 1942 1008 1995 est
1023 1932 1230 1995 Acarnanum
1249 1952 1324 1994 con-

295 2026 378 2092 cilio.
414 2025 595 2108 quaerendo
615 2023 729 2089 deinde
746 2025 857 2101 latius,
882 2024 938 2106 qui
956 2024 1084 2108 publice
1102 2034 1157 2088 aut
1174 2023 1324 2107 privatim
1343 2041 1375 2088 13

294 2119 434 2206 partium
459 2118 544 2203 regis
570 2116 719 2194 fuissent,
750 2117 784 2181 in
810 2116 925 2180 Asiam
956 2137 1084 2199 quoque
1111 2115 1324 2200 cognitionem

296 2212 466 2279 extendere
493 2221 525 2276 et
551 2211 592 2276 ad
610 2210 776 2274 Antissam
801 2210 842 2273 in„
857 2209 967 2275 Lesbo
993 2209 1098 2274 insula
1126 2208 1322 2285 diruendam,
1344 2227 1376 2275 14

295 2306 509 2372 traducendos
523 2304 748 2390 Methymnam
757 2304 945 2369 Antissaeos
955 2303 1143 2369 Labeonem
1161 2302 1324 2380 miserunt,

296 2400 384 2483 quod
400 2401 598 2465 Antenorem
620 2399 744 2485 regium
765 2398 979 2483 praefectum,
1003 2419 1067 2482 quo
1089 2410 1232 2484 tempore
1250 2419 1324 2462 cum

294 2495 410 2562 lembis
434 2495 517 2559 circa
534 2495 679 2560 Lesbum
698 2505 745 2560 est
766 2505 917 2580 vagatus,
944 2506 1038 2579 portu
1056 2506 1221 2580 receptum
1239 2516 1326 2559 com-

296 2588 456 2653 meatibus
482 2587 646 2653 iuvissent.
698 2588 761 2651 duo
789 2589 893 2653 securi
919 2590 1061 2671 percussi
1087 2590 1147 2653 viri
1172 2588 1325 2672 insignes,
1345 2601 1376 2649 15

296 2682 504 2747 Andronicus
523 2680 700 2746 Andronici
722 2682 805 2745 filius
824 2681 970 2757 Aetolus,
989 2682 1076 2763 quod
1093 2693 1218 2767 patrem
1235 2704 1327 2747 secu·
1430 2688 1437 2695 ’

298 2787 351 2841 tus
370 2798 459 2841 arma
476 2787 586 2839 contra
603 2774 757 2860 populum
765 2776 949 2840 Romanum
967 2775 1100 2853 tulisset,
1119 2786 1152 2840 et
1160 2775 1231 2841 Neo
1241 2776 1327 2842 The-

297 2870 411 2945 banus,
430 2891 494 2953 quo
513 2881 642 2934 auctore
661 2870 845 2935 societatem
864 2892 938 2934 cum
954 2869 1055 2934 Perse
1072 2868 1250 2935 iunxerant.
1339 2872 1343 2901 ³

361 2964 519 3029 XXXII.
546 2964 608 3030 His
625 2986 733 3030 rerum
757 2974 960 3029 externarum
979 2963 1211 3049 cognitionibus
1229 2964 1326 3032 inter-
1346 2978 1360 3025 1

296 3060 408 3147 positis
434 3059 651 3126 Macedonum
682 3082 791 3124 rursus
819 3060 1011 3124 advocatum
1038 3060 1221 3138 concilium3
1253 3075 1361 3146 pro-2

296 3152 493 3231 nuntiatum,
520 3154 606 3236 quod
624 3153 666 3217 ad
683 3164 803 3218 statum
820 3153 1033 3218 Macedoniae
1053 3154 1248 3239 pertinebat,
1276 3178 1326 3220 se-

296 3259 439 3324 natores,
466 3269 547 3330 quos
570 3247 723 3330 synedros
745 3257 876 3324 vocant,
901 3247 1055 3333 legendos
1078 3270 1162 3325 esse,
1190 3270 1325 3330 quorum

298 3341 429 3406 consilio
447 3362 498 3405 res
516 3341 644 3425 publica
661 3342 943 3406 administraretur.
970 3341 1100 3406 nomina
1119 3342 1232 3405 deinde
1251 3353 1325 3406 sunt
1344 3355 1360 3400 3

297 3433 431 3501 recitata
447 3432 626 3517 principum
635 3434 863 3508 Macedonum,
881 3454 962 3515 quos
981 3456 1055 3497 cum
1072 3435 1180 3498 liberis
1199 3434 1326 3499 maiori-

297 3527 359 3589 bus
382 3546 479 3606 quam
500 3524 683 3607 quindecim
705 3548 805 3590 annos
827 3525 910 3588 natis
933 3526 1124 3609 praecedere
1147 3526 1181 3589 in
1197 3525 1326 3590 Italiam

298 3618 449 3705 placeret.
492 3615 526 3678 id
549 3616 651 3699 prima
668 3617 774 3701 specie
796 3639 941 3694 saevom,
963 3637 1039 3681 mox
1056 3618 1204 3704 apparuit
1221 3620 1327 3685 multi·
1344 3638 1362 3685 4

299 3709 403 3778 tudini
420 3708 638 3774 Macedonum
654 3732 712 3794 pro
729 3709 876 3776 libertate
894 3734 953 3775 sua
971 3734 1040 3778 esse
1058 3711 1189 3778 factum.
1225 3714 1327 3778 nomi-

297 3804 367 3873 nati
382 3813 456 3869 sunt
469 3803 554 3868 enim
568 3802 652 3889 regis
667 3802 760 3869 amici
774 3806 1015 3891 purpuratique,
1035 3806 1131 3872 duces
1140 3807 1324 3885 exercitbm,

299 3899 453 3988 praefecti
466 3899 597 3964 navium
611 3909 666 3964 aut
683 3899 922 3985 praesidiorum,
941 3901 1059 3967 servire
1071 3902 1140 3986 regi
1153 3901 1322 3981 humiliter,
1343 3920 1359 3967 5

301 3995 370 4061 aliis
388 3994 524 4080 superbe
541 3996 697 4081 imperare
715 3994 853 4073 adsueti3
871 3995 1062 4080 praedivites
1081 3995 1149 4072 alii,
1161 3995 1224 4083 ali,
1243 4018 1323 4080 quos

301 4089 429 4155 fortuna
445 4112 510 4154 non
528 4100 715 4174 aequarent,
737 4089 787 4155 his
806 4090 985 4175 sumptibus
1004 4113 1111 4177 pares3
1129 4090 1238 4177 regius
1256 4112 1324 4156 om·

301 4182 396 4249 nibus
405 4183 507 4249 victus
517 4184 723 4269 vestitusque,
737 4185 817 4251 nulli
826 4185 928 4251 civilis
943 4185 1077 4264 animus,
1095 4208 1199 4270 neque
1214 4185 1324 4270 legum

301 4299 405 4362 neque
418 4278 571 4346 libertatis
581 4300 682 4365 aeque
694 4280 827 4367 patiens.
855 4304 967 4351 omnes
978 4281 1094 4370 igitur,
1106 4278 1347 4367 quatumque
1362 4292 1385 4334 t»
