3384 4975
478 532 595 588 LIBER
612 530 802 598 XXXXIIII,
821 529 920 584 1218.
938 534 978 596 [a.
986 546 1014 583 u.
1025 545 1050 584 c.
1060 529 1125 596 169]
1252 513 1315 580 123

290 692 482 759 Macedonia
500 689 622 755 consuli
640 687 755 771 cuique
772 685 911 772 praetori
925 685 1033 750 classis
1047 685 1205 750 evenisset
1218 685 1314 750 seire-

290 800 356 865 tur,
378 787 496 852 utiam
517 784 592 848 inde
610 782 786 868 cogitarent
803 791 1015 865 pararentque
1033 801 1115 863 quae
1138 779 1222 845 bello
1240 779 1313 844 usui

290 883 395 947 forent
412 890 623 961 senatumque
645 875 860 950 consulerent,
887 873 914 938 si
937 896 1001 958 qua
1020 870 1090 960 [de]
1113 897 1147 938 re
1170 875 1313 938 consulto

289 1000 371 1062 opus
390 985 487 1040 esset:
505 972 655 1048 Latinae,
673 971 729 1034 ubi
746 971 968 1055 magistratum
984 969 1131 1045 inissent,
1153 969 1240 1052 quod
1256 992 1313 1054 per
1331 991 1346 1037 8

290 1069 458 1153 religiones
484 1075 605 1152 posset,
632 1064 734 1150 primo
760 1085 888 1147 quoque
915 1073 1058 1148 tempore
1084 1063 1153 1126 fieri
1177 1063 1313 1147 placere,

290 1185 395 1246 neque
413 1160 575 1226 consulem
593 1159 644 1221 cui
662 1157 805 1240 eundum
820 1156 1089 1221 inMacedoniam
1102 1167 1186 1223 esset
1203 1157 1312 1221 teneri.

291 1257 340 1320 his
359 1254 493 1320 decretis
515 1251 697 1317 consulibus
715 1251 810 1315 Italia
832 1260 864 1315 et
881 1250 1088 1327 Macedonia,
1114 1249 1312 1335 praetoribus
1332 1271 1346 1318 t

288 1360 414 1434 praeter
432 1349 510 1411 duas
527 1346 758 1410 iurisdictiones
775 1345 810 1409 in
826 1345 906 1409 urbe
925 1344 1033 1410 classis
1052 1355 1084 1410 et
1106 1343 1265 1429 Hispania
1282 1354 1314 1408 et

289 1441 399 1507 Sicilia
417 1453 449 1506 et
467 1439 616 1505 Sardinia
632 1439 813 1526 provinciae
831 1439 1012 1504 nominatae
1032 1449 1114 1504 sunt.
1147 1438 1314 1503 consulum
1334 1462 1365 1506 lu

288 1536 427 1601 Aemilio
444 1535 648 1612 Macedonia,
665 1534 792 1598 Licinio
809 1534 903 1598 Italia
921 1533 1035 1599 evenit.
1070 1543 1232 1618 praetores
1251 1531 1311 1598 Cn.

288 1630 428 1694 Baebius
450 1629 622 1705 urbanam,
644 1628 685 1692 L.
705 1627 840 1692 Anicius
863 1628 1065 1713 peregrinam
1084 1637 1115 1692 et
1137 1627 1164 1691 si
1182 1649 1245 1710 quo
1264 1650 1312 1691 sc-

286 1736 380 1788 natus
410 1723 600 1800 censuisset,
632 1720 693 1787 Cn.
722 1720 879 1787 Octavius
910 1723 1060 1799 classem,
1091 1721 1131 1785 P.
1158 1721 1311 1786 Fonteius

287 1819 492 1903 Hispaniam,
515 1817 579 1904 [M.
598 1817 759 1882 Aebutius
778 1815 953 1902 Siciliam]
976 1814 1015 1882 (l.
1033 1816 1182 1901 Papirius
1202 1815 1312 1881 Sardi-

287 1913 372 1976 niam
391 1923 439 1978 est
457 1913 595 1976 sortitus.

351 2004 484 2072 XVIII.
511 2006 682 2090 Extemplo
700 2005 847 2089 apparuit
866 2004 1013 2069 omnibus
1035 2026 1100 2068 non
1122 2005 1261 2089 segniter
1279 2004 1312 2066 id
1333 2025 1344 2070 1

288 2099 409 2164 bellum
426 2098 468 2162 L.
487 2098 663 2163 Aemilium
685 2109 865 2182 gesturum,
891 2108 1113 2181 praeterquam
1130 2098 1217 2181 quod
1235 2097 1312 2161 alias

287 2194 336 2256 vir
354 2203 430 2269 erat,
449 2193 544 2257 etiam
562 2191 649 2277 quod
662 2191 730 2255 dies
743 2202 918 2274 noctesque
931 2189 1070 2254 intentus
1085 2213 1123 2255 ea
1136 2190 1212 2266 sola,
1231 2211 1313 2272 quae

287 2288 329 2351 ad
345 2288 379 2350 id
396 2287 516 2351 bellum
533 2287 741 2373 pertinerent,
765 2286 870 2350 animo
894 2286 1045 2370 agitabat.
1089 2285 1153 2349 iarn
1170 2285 1312 2349 omnium
1332 2304 1347 2350 2

286 2381 425 2466 primum
434 2404 454 2445 a
463 2392 576 2445 senatu
588 2380 677 2465 petit,
687 2392 724 2444 ut
736 2381 859 2466 legatos
869 2380 903 2444 in
912 2379 1138 2445 Macedoniam
1152 2380 1313 2446 mitterent

288 2476 329 2539 ad
347 2474 504 2540 exercitus
525 2475 672 2539 visendos
696 2475 893 2559 classemque
912 2487 944 2541 et
961 2487 1112 2561 conperta
1134 2474 1311 2554 referenda,

287 2569 366 2652 quid
392 2579 448 2631 aut
477 2568 677 2632 terrestribus
704 2581 760 2633 aut
790 2570 957 2634 navalibus
984 2570 1082 2655 copiis
1109 2592 1188 2655 opus
1215 2582 1311 2647 essct3

286 2671 504 2748 praetereant
522 2662 723 2746 explorarent
740 2662 847 2746 copias
865 2662 980 2746 regias,
999 2676 1154 2746 quantum
1171 2675 1311 2747 possent,
1331 2680 1345 2726 3

286 2778 352 2840 qua
377 2755 541 2841 provincia
566 2755 689 2831 ndstra,
720 2778 785 2839 qua
809 2756 949 2820 hostium
974 2757 1071 2834 foret3
1098 2768 1206 2821 utrum
1230 2757 1314 2823 intra

286 2852 385 2916 saltus
403 2860 508 2915 castra
525 2850 663 2914 Romani
680 2850 849 2928 haberent,
871 2850 995 2915 aniam
1014 2875 1124 2917 omnes
1146 2852 1313 2937 angustiae
1400 2934 1403 2938 Ι

286 2957 519 3030 exsuperatas,
535 2956 568 3010 et
589 2946 623 3009 in
644 2967 747 3029 aequa
768 2946 840 3010 loca
861 2946 1095 3031 pervenissent3
1122 2948 1177 3031 qui
1203 2948 1312 3013 fideles
1331 2962 1348 3009 4

285 3040 377 3104 nobis
395 3039 487 3115 socii,
515 3040 571 3123 qui
594 3040 672 3104 dubi
690 3062 927 3125 suspensaeque
945 3063 985 3106 ex
1002 3041 1131 3108 fortuna
1147 3042 1234 3119 fidei,
1257 3043 1313 3125 qui
1407 3089 1411 3100 .

287 3134 363 3198 certi
380 3134 486 3199 hostes
503 3135 700 3212 viderentur3
723 3134 833 3219 quanti
850 3137 1031 3221 praeparati
1048 3147 1258 3215 commeatus,
1281 3148 1313 3201 et

286 3226 372 3291 unde
390 3228 529 3292 terrestri
545 3228 668 3307 itinere,
686 3230 771 3296 unde
789 3230 926 3294 navibus
940 3230 1202 3315 subportarentur
1208 3255 1217 3307 3
1235 3229 1313 3313 quid

286 3343 325 3385 ea
343 3331 461 3387 aestate
474 3330 558 3385 terra
572 3324 715 3406 marique
728 3347 835 3388 rerum
853 3334 979 3409 gestum
994 3335 1090 3388 esset:
1110 3346 1151 3388 ex
1167 3323 1216 3387 his
1230 3325 1313 3388 bene

287 3414 422 3499 cognitis
436 3415 570 3480 certain
587 3416 731 3481 futurum
745 3418 876 3483 consilia
890 3418 962 3502 capi
979 3440 1083 3503 posse.
1111 3429 1239 3481 senatus
1250 3416 1310 3481 Cn.
1331 3431 1346 3476 5

287 3505 423 3569 Servilio
450 3508 572 3571 consuli
597 3511 762 3592 negotium
785 3510 887 3584 dedit,
915 3522 951 3573 ut
971 3511 998 3574 is
1020 3512 1054 3573 in
1076 3510 1312 3585 Macedoniam,

286 3619 367 3680 quos
389 3598 430 3661 L.
450 3600 589 3663 Aemilio
611 3601 786 3677 videretur,
809 3602 942 3685 legaret.
997 3602 1095 3687 legati
1122 3602 1218 3666 biduo
1240 3614 1312 3687 post
1331 3617 1346 3663 6

286 3690 423 3777 profecti
441 3688 502 3756 Cn.
520 3692 681 3756 Domitius
700 3694 951 3771 Ahenobarbus,
970 3695 1013 3759 A.
1032 3695 1176 3760 Licinius
1194 3697 1312 3773 Nerva,

286 3786 327 3849 L.
346 3785 498 3850 Baebius.

350 3878 408 3943 Bis
430 3879 465 3943 in
487 3879 575 3945 exitu
593 3880 667 3945 anni
690 3881 757 3946 eius
775 3881 951 3967 lapidatum
970 3906 1038 3948 esse
1056 3884 1237 3949 nuntiatum
1254 3896 1311 3962 est,

285 3973 474 4039 inRomano
493 3997 580 4060 agro,
600 3975 694 4041 simul
710 3976 890 4044 inVeienti.
918 3978 966 4043 bis
979 3979 1167 4045 novendiale
1185 4003 1310 4045 sacrum

286 4067 478 4135 factumest.
506 4072 685 4141 sacerdotes
699 4093 737 4137 eo
752 4096 835 4137 anno
849 4074 966 4137 mortui
983 4085 1057 4138 sunt
1065 4074 1105 4138 P.
1116 4072 1309 4156 Quinctilius
1329 4096 1342 4139 7

286 4162 393 4229 Varus
418 4165 535 4230 flamen
561 4166 719 4231 Martialis
746 4178 778 4233 ct
803 4168 853 4231 M.
877 4165 1032 4233 Claudius
1054 4168 1228 4235 Marcellus
1256 4171 1311 4234 de-

287 4258 420 4337 cemvir,
446 4258 479 4324 in
497 4260 587 4326 euius
609 4261 716 4327 locum
734 4259 795 4327 Cn.
815 4260 972 4328 Octavius
990 4263 1152 4330 suffectus.
1197 4276 1229 4330 et
1246 4265 1310 4329 iam
1328 4284 1344 4331 8
