3384 4975
413 512 417 532 ‹
520 501 637 557 umas
653 500 810 570 xxxxv,
829 499 928 556 saar.
948 498 1100 570 [aanor]
1261 490 1325 557 183

298 685 375 740 cura
395 663 429 727 in
452 683 490 727 ea
511 658 613 745 regia,
641 670 678 723 ut
703 678 769 720 non
789 658 822 720 in
843 667 1043 743 praesentem
1060 658 1154 723 modo
1173 659 1357 745 speciem,s

296 757 446 841 qualibus
468 754 586 820 referta
608 753 697 838 regia
718 753 942 817 Alexandreae
965 764 1047 830 erat,
1074 755 1131 818 sed
1152 755 1186 818 in
1208 776 1323 841 perpe-

294 862 389 915 tuum
406 871 501 913 usum
517 849 639 912 fierent.
683 846 763 910 haec
779 847 813 910 in
830 847 965 911 classem
982 847 1119 934 inposita
1137 848 1322 915 devehenda
1339 871 1355 918 ⁷

293 944 435 1010 Romam
453 941 513 1008 On.
533 937 670 1006 Octavio
690 941 772 1005 data.

361 1037 498 1113 Paulus,
525 1035 664 1120 benigne
685 1035 798 1120 legatis
817 1035 970 1112 dimissis,
997 1048 1213 1122 transgressus
1232 1037 1325 1123 Stry·

295 1151 426 1195 monem
443 1130 528 1194 mille
544 1152 698 1213 passuum
716 1129 757 1192 ab
774 1128 963 1214 Amphipoli
981 1140 1084 1195 castra
1101 1132 1206 1216 posuit
1212 1156 1221 1208 ;
1246 1133 1321 1198 inde

294 1226 459 1310 profectus
486 1224 611 1288 Pellam
638 1223 748 1305 quinto
780 1223 830 1286 die
861 1223 1014 1308 pervenit.
1067 1234 1356 1310 praetergressuss

296 1319 424 1394 urbem,
452 1318 493 1382 ad
511 1315 685 1401 Spelaeum
703 1317 790 1399 quod
812 1328 927 1381 vocant
948 1317 1082 1382 biduum
1099 1331 1254 1396 moratus,
1282 1319 1322 1382 P.

295 1411 447 1476 Nasicam
474 1421 506 1474 et
533 1409 575 1492 Q.
602 1409 784 1473 Maximum
807 1410 911 1473 filium
938 1433 1029 1475 cum.
1043 1424 1131 1496 parte
1160 1414 1323 1498 copiarum

293 1505 339 1568 ad
370 1504 609 1589 depopulandos
635 1503 778 1587 illyrios,
813 1505 869 1586 qui
894 1504 1015 1570 Persea
1046 1507 1191 1571 iuverant
1226 1507 1321 1580 bello,

297 1597 392 1673 misit,
409 1599 513 1662 iussos
532 1598 573 1661 ad
591 1594 727 1661 Oricum
744 1597 805 1667 sibi
823 1620 1003 1675 occurrere3
1026 1600 1094 1684 ipse
1112 1599 1248 1685 Epirum
1265 1624 1322 1686 pe-

294 1704 366 1756 tens
383 1693 501 1774 quintis
519 1692 650 1757 decimis
669 1693 779 1757 castris
791 1691 1010 1757 'Passaronem
1027 1695 1181 1778 pervenit.

359 1785 550 1849 XXXllII.
577 1787 678 1849 Haud
699 1787 811 1871 procul
832 1787 907 1851 inde
932 1787 1028 1871 Anici
1051 1800 1154 1852 castra
1177 1787 1353 1854 aberant.1

295 1881 338 1944 ad
355 1901 451 1961 quem
468 1879 579 1944 litteris
602 1881 720 1956 missis,
744 1904 784 1946 ne
802 1882 881 1963 qnid
899 1883 940 1945 ad
958 1906 995 1947 ea
1014 1904 1095 1966 quae
1118 1884 1230 1948 fierent
1251 1904 1321 1946 mo·

295 1982 423 2037 veretur
439 2007 483 2017 —-
499 1983 645 2035 senatum
668 1975 820 2057 praedam
842 1973 934 2058 Epiri
958 1976 1146 2052 civitatium,
1173 1998 1255 2059 quae
1279 1975 1321 2040 ad

292 2066 416 2130 Persea
434 2064 637 2140 defecissent,
665 2067 817 2129 exercitui
835 2067 960 2130 dedisse
977 2103 1034 2143 -,
1054 2069 1227 2132 summissis
1247 2091 1354 2136 cen-2

295 2158 474 2222 lusionibus
492 2158 526 2220 in
545 2158 686 2242 singulas
704 2158 811 2236 nrbes,
830 2160 886 2240 qui
901 2182 934 2223 se
949 2159 1089 2223 dicerent
1103 2161 1144 2224 ad
1161 2160 1323 2244 praesidia

294 2253 484 2317 deducenda
509 2251 647 2329 venisse,
674 2266 711 2316 ut
731 2252 823 2317 liberi
846 2252 998 2337 Epirotae
1021 2253 1104 2316 sicut
1124 2253 1322 2345 Macedones

295 2356 415 2421 essent,
440 2347 538 2410 denos
560 2346 718 2430 principes
742 2369 781 2411 ex
805 2346 938 2431 singulis
958 2348 1103 2411 evocavit
1127 2346 1321 2411 civitatibus.

296 2440 412 2522 quibus
435 2462 509 2504 cum
531 2440 762 2518 denuntiasset,
789 2453 825 2506 ut
847 2464 961 2506 aurum
984 2452 1079 2526 atquc
1097 2453 1265 2528 argentum
1287 2440 1322 2505 in

295 2533 460 2619 publicum
477 2534 681 2616 proferretur,
700 2557 757 2617 per
775 2558 884 2599 omnes
903 2536 1045 2600 civitates
1064 2535 1209 2599 cohortes
1228 2535 1320 2598 dimi·
1421 2534 1434 2544 ”

293 2627 345 2690 sit.
379 2637 451 2690 ante
468 2627 501 2688 in
519 2627 684 2690 ulteriores
702 2648 798 2709 quam
816 2628 850 2690 in
867 2629 1022 2712 propioris
1040 2628 1188 2711 profecti,
1202 2638 1239 2690 ut
1256 2648 1320 2690 uno
1339 2649 1355 2694 3

294 2721 347 2785 die
365 2719 399 2784 in
417 2742 527 2784 omnes
544 2719 771 2804 perveniretur.
809 2720 894 2785 edita
916 2721 1050 2785 tribunis
1070 2719 1357 2789 centurionibus-4

294 2838 358 2899 que
377 2824 467 2879 erant
484 2836 566 2897 quae
584 2825 762 2898 agerentur.
789 2823 888 2878 mane
902 2836 994 2878 omne
1012 2837 1125 2879 aurum
1140 2824 1322 2899 argentum-

294 2933 358 2994 que
377 2910 551 2986 eonlatum,
574 2909 653 2972 hora
675 2920 789 2992 quarta
807 2909 936 2994 signum
954 2909 995 2973 ad
1013 2908 1206 2995 diripiendas
1224 2908 1321 2973 urbes

294 3005 406 3070 datum
424 3015 471 3068 est
488 3002 656 3080 militibus,
676 3013 827 3085 tantaque
845 3002 965 3087 praeda
982 3002 1058 3080 fuit,
1077 3003 1163 3067 utin
1181 3002 1319 3084 equitem
1338 3023 1355 3069 a

295 3099 507 3184 quadringeni
529 3099 653 3174 denari,
677 3099 837 3183 peditibus
857 3098 971 3163 duceni
993 3098 1222 3174 dividerentur,
1247 3119 1321 3161 cen—

294 3206 365 3255 tum
382 3194 615 3277 quinquaginta
632 3193 720 3257 milia
738 3194 878 3278 capitum
894 3193 1107 3257 humanorum
1124 3193 1322 3255 abduceren-

296 3297 357 3347 tur.
384 3286 467 3349 muri
481 3286 595 3350 deinde
610 3286 802 3370 direptarum
815 3288 943 3350 urbium
958 3286 1054 3350 diruti
1068 3297 1156 3361 sunt;
1175 3308 1212 3349 ea
1230 3285 1320 3348 fuere
1340 3302 1355 3347 o

296 3378 414 3463 oppida
432 3380 514 3443 circa
533 3382 744 3464 septuaginta.
772 3382 901 3445 vendita
919 3381 1039 3464 praeda
1054 3378 1172 3454 omnis3
1190 3379 1263 3441 inde
1283 3400 1322 3440 ea

297 3493 423 3535 summa
449 3473 542 3535 militi
567 3486 734 3536 numerata
757 3483 814 3535 est.
859 3474 981 3535 Paulus
1008 3473 1050 3534 ad
1075 3494 1163 3533 mare
1186 3469 1356 3533 Oricumr

298 3563 474 3638 descendit,
501 3586 714 3647 nequaquam,
741 3576 777 3627 ut
803 3575 891 3626 ratus
918 3575 998 3639 erat,
1026 3564 1158 3646 expletis
1185 3562 1322 3624 militum

298 3655 427 3731 animis,
455 3658 509 3739 qui
536 3668 698 3739 tamquam
723 3658 847 3720 nullum
873 3657 906 3720 in
931 3655 1124 3719 Macedonia
1149 3656 1322 3740 gessissent

298 3749 417 3813 bellum
442 3750 578 3833 expertis
601 3751 707 3835 regiae
730 3750 867 3835 praedae
887 3747 952 3836 [se]
972 3772 1040 3814 esse
1063 3746 1321 3834 indignabantur.

298 3841 390 3908 Orici
408 3866 481 3908 cum
503 3844 616 3908 missas
635 3866 708 3908 cum
726 3843 876 3928 Scipione
894 3844 1012 3908 Nasica
1029 3843 1238 3925 Maximoque
1256 3842 1320 3905 filio
1339 3861 1359 3907 8

297 3937 405 4022 copias
432 3938 618 4017 invenisset,
646 3938 786 4003 exercitu
808 3938 842 4002 in
865 3960 963 4003 naves
985 3938 1121 4023 inposito
1144 3938 1177 4000 in
1195 3936 1322 4000 Italiam

296 4032 430 4098 traiecit.
474 4043 506 4097 et
527 4045 599 4118 post
620 4056 740 4119 paucos
765 4033 831 4098 dies
851 4033 986 4097 Anicius
1006 4042 1164 4096 conventu
1185 4029 1356 4112 reliquo-o

295 4149 369 4191 rum
390 4127 596 4214 Epirotarum
618 4129 889 4212 Acamannmque
916 4138 987 4191 acto
1013 4126 1170 4210 iussisque
1196 4124 1230 4187 in
1255 4125 1322 4187 Ita-

294 4220 374 4286 liam
392 4223 482 4306 sequi
499 4224 710 4310 principibus,
733 4245 870 4307 qnorum
888 4220 1100 4308 cognitionem
1123 4241 1237 4284 causae
1256 4215 1323 4301 [se-
