3384 4975
224 526 226 532 '
342 519 384 584 92
555 528 674 586 LIBER
690 525 865 597 XXXXIII,
884 526 909 580 6.
923 525 948 580 ’1.
968 525 1152 594 [cauom]

342 687 511 776 peregrino
533 687 693 752 frumento
714 685 852 759 alerent,
877 693 1001 758 tamen,
1026 704 1067 746 ne
1085 681 1233 748 deessent
1251 683 1376 763 officio,

344 782 519 851 confecisse
544 791 577 846 et
602 780 665 844 alia
690 800 773 863 quae
798 778 1030 862 imperarentur
1054 787 1216 862 praestare
1239 789 1374 863 paratos

309 900 326 946 4
344 901 424 943 esse.
467 875 587 941 Milesii
603 875 683 939 nihil
699 871 894 958 praestitisse
913 868 979 956 [se]
997 883 1223 949 memorantes,
1245 873 1374 958 siquid

343 972 499 1058 imperare
517 969 560 1034 ad
580 969 701 1034 bellum
722 977 853 1032 senatus
870 966 982 1043 vellet,
1008 976 1170 1050 praestare
1187 979 1373 1052 separatos

310 1087 324 1132 5
343 1087 412 1130 esse
429 1063 562 1150 polliciti
578 1072 662 1128 sunt
707 1060 952 1126 Alabandenses
970 1060 1126 1145 templum
1141 1061 1231 1125 urbis
1245 1062 1373 1127 Romae

248 1170 251 1175 ’
343 1181 378 1224 se
399 1159 514 1224 fecisse
532 1176 820 1222 commemoravere
843 1152 1002 1236 ludosque
1025 1154 1257 1220 anniversarios
1274 1155 1305 1220 ei
1323 1154 1374 1219 di·

310 1250 597 1318 cvae'instituisse
618 1258 651 1313 et
672 1265 823 1311 coronam
844 1269 975 1311 auream
997 1246 1230 1332 quinquaginta
1250 1251 1372 1333 pondo,

344 1367 441 1430 quam
457 1345 491 1408 in
506 1340 665 1428 Capitolio
681 1351 836 1426 ponerent
854 1339 974 1404 donum
991 1340 1063 1405 Iovi
1081 1341 1201 1425 optimo
1218 1342 1371 1419 maximo,

344 1438 488 1504 attulisse
511 1447 544 1501 et
565 1446 657 1500 scuta
678 1434 838 1518 equestria
859 1444 1014 1499 trecenta:
1041 1457 1094 1510 ea,
1121 1434 1173 1498 cui
1193 1433 1372 1514 iussissent,

344 1530 525 1596 tradituros.
569 1530 690 1594 donum
710 1541 747 1592 ut
768 1528 802 1592 in
820 1524 981 1613 Capitolio
1001 1549 1121 1612 ponere
1138 1539 1172 1592 et
1192 1529 1372 1595 sacrificare

311 1626 467 1703 slioeret,
493 1623 656 1709 petebant.
708 1621 770 1686 hoc
796 1619 925 1707 [etiam]
950 1620 1180 1706 Lampsaceni,
1207 1623 1372 1708 octoginta

343 1719 451 1804 pondo
477 1739 627 1785 eoronam
653 1716 849 1793 adferentes,
880 1715 1048 1801 petebant,
1074 1729 1372 1793 commemorantes,

310 1831 325 1879 8
345 1812 527 1877 discessisse
545 1834 580 1877 se
597 1833 617 1875 a
633 1809 769 1887 Perseo,
790 1821 961 1894 postquam
977 1809 1143 1874 Romanus
1161 1810 1319 1875 exercitus
1336 1812 1371 1876 in

343 1905 570 1971 Macedoniam
594 1905 749 1981 venisset,
775 1925 850 1968 cum
876 1903 936 1968 sub
964 1903 1087 1968 dicione
1108 1902 1220 1969 Persei
1242 1916 1275 1970 et
1297 1917 1372 1970 ante

312 2020 326 2067 9
343 1998 487 2085 Philippi
502 1998 647 2064 fuissent
674 2020 733 2083 pro
751 2018 789 2062 eo
807 2007 838 2062 et
855 1996 942 2080 quod
960 1996 1202 2082 imperatoribus
1216 1997 1373 2064 Romanis

294 2121 296 2129 ·
344 2092 452 2158 omnia
467 2093 708 2180 praestitissent,
725 2091 760 2156 id
777 2114 812 2157 se
829 2101 955 2156 tantum
973 2112 1074 2168 orare,
1091 2100 1128 2155 ut
1145 2091 1180 2155 in
1196 2092 1369 2157 amicitiam

342 2188 453 2275 populi
469 2188 608 2253 Romani
624 2187 842 2272 reciperentur
859 2197 900 2263 et,
917 2185 945 2250 si
962 2207 1027 2270 pax
1045 2207 1118 2250 cum
1131 2184 1252 2250 Perseo
1269 2187 1370 2261 fieret,

294 2301 325 2347 10
344 2281 574 2367 exciperentur,
592 2302 633 2345 ne
650 2280 684 2344 in
697 2279 820 2364 regiam
837 2289 1026 2363 potestatem
1042 2277 1230 2344 reciderent.
1257 2280 1369 2344 ceteris

343 2374 457 2459 legatis
471 2373 603 2438 comiter
615 2394 813 2456 responsum,
831 2370 1071 2456 Lampsacenos
1085 2371 1119 2436 in
1133 2372 1291 2437 sociorum
1305 2374 1389 2438 for-1

344 2468 464 2533 mulam
472 2467 591 2534 referre
599 2464 642 2548 Q.
652 2466 802 2532 Maenius
811 2475 938 2552 praetor
946 2465 1062 2532 iussus.
1079 2489 1213 2532 munera
1222 2468 1372 2533 omnibus

343 2564 378 2629 in
390 2564 532 2650 singulos
549 2562 662 2627 binhm
673 2560 798 2626 milium
811 2561 894 2626 aeris
907 2561 992 2626 data.
1019 2562 1263 2628 Alabandenses
1279 2575 1372 2628 scuta

343 2670 506 2744 reportare
520 2657 561 2722 ad
573 2658 617 2725 Α.
626 2656 803 2722 Hostilium
815 2656 980 2721 consulem
993 2657 1028 2720 in
1037 2656 1262 2721 Macedoniam
1280 2657 1369 2722 iussi.

294 2770 324 2817 11
408 2752 453 2818 Et
470 2776 510 2818 ex
527 2752 641 2817 Africa
665 2751 764 2835 legati
786 2749 881 2814 simul
899 2746 1213 2834 Carthaginiensium
1232 2748 1280 2836 [et
1296 2750 1372 2815 Ma-

344 2845 477 2910 sinissae
495 2855 663 2925 venerunt:
684 2839 1014 2929 Carthaginiensium]
1032 2842 1129 2907 tritici
1151 2844 1278 2908 deciens
1296 2865 1376 2909 cen·

344 2948 413 3002 tum
430 2937 518 3001 milia
535 2947 568 3002 et
584 2937 695 3001 hordei
712 2935 888 3021 quingenta
904 2935 1081 3001 indicantes
1099 2958 1133 3001 se
1151 2938 1192 3001 ad
1209 2960 1298 3003 mare
1315 2938 1372 3002 de·

294 3049 325 3096 12
344 3041 438 3099 vecta
453 3030 587 3106 habere,
608 3040 645 3094 ut
666 3052 730 3113 quo
748 3040 877 3095 senatus
896 3029 1071 3095 censuisset
1094 3032 1310 3116 deportarent:
1336 3032 1371 3097 id

343 3146 460 3189 munus
487 3123 692 3206 officiumque
723 3146 817 3188 suum
848 3122 929 3188 scire
960 3123 1066 3188 minus
1092 3147 1161 3189 esse
1187 3145 1284 3208 quam
1311 3148 1370 3210 pro

342 3218 462 3284 meritis
477 3218 590 3303 ¹populi
606 3217 745 3282 Romani
762 3228 795 3283 et
811 3218 975 3282 voluntate
992 3240 1051 3283 sua
1056 3242 1066 3295 3
1088 3219 1146 3283 sed
1168 3241 1263 3304 saepe
1280 3219 1370 3297 alias,
1435 3249 1436 3252 ¹

277 3383 287 3404 s
343 3313 435 3379 bonis
452 3312 486 3377 in
502 3313 598 3378 rebus
611 3311 778 3396 utriusque
795 3312 916 3398 populi,
934 3334 969 3377 se
987 3323 1150 3397 gratorum
1163 3312 1369 3394 fideliumque

293 3425 324 3472 13
343 3407 465 3473 sccihm
485 3406 673 3472 muneribus
694 3406 821 3471 functos
843 3428 923 3471 esse.
967 3406 1045 3472 item
1062 3406 1255 3472 Masinissae
1270 3406 1371 3491 legati

341 3500 438 3567 tritici
451 3501 587 3567 eandem
600 3522 758 3566 summam
771 3499 904 3587 polliciti
922 3510 954 3565 et
970 3500 1056 3565 mille
1070 3511 1101 3565 et
1115 3500 1267 3565 ducentos
1282 3500 1372 3583 equi-

343 3607 402 3672 tes,
420 3595 589 3662 duodecim
607 3595 803 3681 elephantos,
821 3606 855 3660 et
871 3595 900 3660 si
916 3594 994 3678 quid
1011 3595 1099 3660 aliud
1117 3617 1198 3681 opus
1211 3604 1305 3671 esset,
1323 3594 1372 3658 uti

341 3688 501 3774 inperaret
524 3701 667 3755 senatus:
695 3710 797 3773 aeque
818 3710 978 3774 propenso
996 3689 1118 3765 animo,
1145 3700 1177 3754 et
1198 3710 1281 3772 quae
1302 3688 1371 3773 ipse

294 3800 325 3845 14
342 3782 425 3847 ultro
442 3784 602 3870 pollicitus
620 3784 670 3859 sit,
688 3793 922 3867 praestaturum
939 3805 1019 3848 esse.
1045 3782 1168 3868 gratiae
1186 3794 1218 3847 et
1232 3778 1370 3846 Cartha·
1442 3834 1445 3838 ,

276 3895 287 3914 ·
343 3874 539 3958 giniensibus
562 3888 594 3943 et
615 3875 685 3961 regi
708 3887 798 3942 actae
820 3877 1003 3961 rogatique,
1029 3887 1066 3940 ut
1083 3899 1122 3941 ea
1139 3898 1222 3959 quae
1239 3875 1372 3961 pollice-

342 3978 452 4033 rentur
465 3969 507 4034 ad
515 3971 690 4037 Hostilium
699 3971 862 4035 consulem
876 3971 910 4034 in
918 3968 1144 4036 Macedoniam
1153 3972 1369 4056 deportarent.

343 4060 456 4145 legatis
473 4061 507 4125 in
524 4064 666 4149 singulos
684 4064 794 4129 binttm
810 4064 934 4129 milium
952 4063 1034 4127 aeris
1051 4086 1184 4129 munera
1201 4065 1310 4129 missa.

311 4175 323 4219 1
407 4155 485 4221 VII.
514 4152 715 4223 Cretensium
731 4158 846 4243 legatis
864 4157 1184 4223 commemorantibus
1203 4182 1247 4234 se,
1267 4181 1371 4243 quan·

343 4260 412 4313 tum
433 4249 495 4314 sibi
516 4248 708 4337 imperatum
729 4254 750 4315 a
769 4251 888 4316 Publio
910 4250 1036 4316 Licinio
1060 4252 1190 4320 consule
1212 4264 1297 4319 esset
1319 4276 1371 4318 sa·
1449 4305 1452 4312 .
