3384 4975
516 532 634 589 aaran
650 529 824 598 xxxxnr,
843 528 886 582 ιι.
901 529 942 583 ιι.
961 527 1114 617 [acccc]
1266 511 1328 581 101

305 692 344 758 C
357 691 498 777 Sulpicio
516 699 661 776 praetore
678 686 802 750 urbano
819 685 918 768 petiit
945 707 1010 749 non
1022 687 1242 752 recusantibus
1256 708 1330 754 cen·
1349 709 1381 758 12

305 787 430 850 soribus
448 784 618 868 quominus
636 779 738 865 primo
756 799 885 862 quoque
902 789 1043 862 tempore
1061 780 1213 846 iudicium
1231 783 1271 846 de
1293 797 1327 848 se

302 881 442 965 populus
460 878 606 952 faceret,
619 873 654 936 ιιι
676 883 749 936 ante
772 871 910 936 diest
859 881 910 935 oct
911 892 1007 935 avum
1024 885 1056 938 et
1077 885 1147 958 sept
1147 874 1247 938 imum
1263 875 1326 940 kal

304 972 464 1038 Octobres
475 968 598 1032 comrtrs
611 962 836 1052 perduellionis
849 965 936 1029 drcta
945 965 1022 1029 dres
1050 988 1194 1032 censores
1209 982 1328 1033 extem·
1347 991 1377 1037 13

303 1065 384 1151 plo
375 1088 410 1128 m
427 1064 542 1128 atrium
551 1049 725 1145 libertatis
742 1059 953 1167 §scenderunt
968 1071 1000 1124 et
1012 1060 1186 1145 obsignatis
1204 1063 1328 1127 tabellis

303 1158 441 1242 publicis
467 1156 639 1238 clausoque
664 1135 877 1231 ιιιιιιιιιιὸ“ιι
862 1143 1040 1229 t'tlinussis
1067 1154 1166 1220 servis
1192 1155 1327 1240 publicis

302 1261 476 1337 negarunt,
510 1273 543 1313 se
571 1249 659 1333 prius
686 1247 879 1331 quicquam
860 1241 1028 1332 pulchri?
1035 1236 1160 1342 negotii
1177 1272 1240 1333 ges
1242 1260 1328 1314 turos

302 1367 399 1430 quam
416 1342 569 1408 iudicium
586 1341 697 1426 populi
712 1341 751 1406 de
766 1364 801 1406 se
818 1341 940 1406 factum
954 1353 1047 1406 esset.
1074 1334 1329 1437 pnorCraudrus
1348 1365 1379 1435 14

302 1462 432 1504 oausam
449 1437 593 1515 dixit3tet
611 1458 684 1500 cum
698 1459 738 1500 ex
753 1436 921 1500 duodecim
935 1436 1084 1501 centuriis
1098 1424 1369 1521 equitumocirr
1418 1449 1426 1500 3
1446 1473 1463 1512 ς

302 1554 464 1598 censorem
483 1531 747 1595 condemnassent
767 1529 847 1594 mult
835 1541 949 1613 taeque
968 1530 1048 1595 aliae
1066 1531 1188 1615 primae
1207 1532 1358 1608 classis,
1375 1532 1383 1541 ⁴
1420 1524 1443 1593 ‘r‘

301 1627 460 1712 extemplo
486 1625 644 1711 principes
671 1624 806 1688 civitatis
832 1625 866 1688 in
888 1636 1061 1710 conspectu
1086 1626 1198 1710 populi
1223 1628 1327 1691 anulis

301 1721 404 1786 aureis
421 1721 532 1805 positis
549 1730 670 1784 vestem
688 1728 867 1795 mutarunt,
889 1730 926 1783 ut
944 1719 1103 1805 supplices
1121 1720 1249 1806 plebem
1267 1721 1327 1785 cir-

300 1814 465 1879 cumirent.
500 1813 639 1878 maxime
657 1823 764 1876 tamen
782 1812 972 1877 sententiam
990 1814 1122 1880 vertisse
1141 1814 1257 1879 dicitur
1273 1815 1323 1878 Ti.
1345 1833 1374 1880 15

301 1906 482 1982 Gracchus,
510 1907 597 1989 quod
619 1929 693 1971 cum
716 1907 835 1969 clamor
857 1905 999 1989 undique
1020 1907 1123 1992 plebis
1142 1918 1225 1972 esset
1242 1909 1326 1993 peri·

300 2003 409 2065 culum
435 1998 584 2066 Graccho
615 2020 680 2062 non
707 2021 792 2074 esse,
819 1999 982 2083 conceptis
1009 2000 1114 2064 verbis
1140 2001 1271 2078 iuravit,
1300 2003 1327 2066 si

301 2096 424 2179 collega
443 2094 611 2157 damnatus
629 2103 726 2167 esset,
753 2114 817 2155 non
835 2104 1001 2176 expectato
1025 2094 1064 2157 de
1083 2116 1117 2157 se
1138 2095 1255 2158 iudicio
1274 2118 1327 2159 co-

300 2189 411 2253 mitem
429 2187 514 2253 exilii
528 2187 596 2252 eius
614 2187 767 2251 futurum.
796 2186 876 2250 adeo
894 2196 1001 2250 tamen
1014 2187 1054 2250 ad
1068 2196 1245 2250 extremum
1258 2190 1327 2273 spei
1346 2207 1376 2251 ιο

299 2285 386 2349 venit
403 2306 490 2360 reus,
513 2295 550 2347 ut
567 2292 637 2347 octo
661 2281 822 2346 centuriae
841 2281 883 2344 ad
900 2280 1136 2345 damnationem
1159 2274 1325 2346 defuerint.

299 2379 444 2443 absoluto
462 2375 605 2442 Claudio
629 2370 775 2440 tribunus
798 2374 902 2506 plebis
928 2375 1059 2460 negavit
1085 2397 1118 2440 se
1144 2373 1327 2440 Gracchum

299 2473 427 2537 morari

363 2564 479 2630 XVII.
506 2563 557 2627 Εο
576 2585 659 2626 anno
677 2565 912 2648 postulantibus
928 2564 1184 2646 Aquileiensium
1201 2565 1297 2648 legat
1275 2577 1357 2641 t,11s

298 2670 336 2722 ut
352 2679 521 2722 numerum
538 2657 722 2721 colonorum
736 2669 900 2741 augerent,
918 2654 1053 2720 millet
1023 2668 1053 2721 ιι
1067 2658 1259 2741 quingentae
1277 2658 1326 2721 fa·

298 2751 406 2816 miliae
424 2774 465 2815 ex
483 2761 573 2815 senat
573 2773 612 2814 us
560 2751 775 2814 tconsulto
743 2750 940 2835 tscriptae‚
958 2750 1179 2832 triumvirique
1197 2751 1253 2833 qui
1271 2774 1324 2815 eas

298 2846 492 2910 deducerent
512 2842 601 2908 missi
619 2855 693 2907 sunt
710 2844 749 2907 T.
764 2844 893 2908 Annius
911 2843 1049 2920 Luscus,
1066 2843 1106 2908 P.
1120 2843 1242 2909 Decius
1262 2842 1325 2911 Su·

297 2940 385 3014 bulo,
402 2938 451 3001 M.
472 2934 640 3002 Cornelius
659 2934 834 3023 Cethegus.
881 2939 993 3003 eodem
1012 2960 1094 3001 anno
1112 2935 1152 3002 O.
1166 2937 1323 3023 Popillius
1344 2956 1358 3003 ι

299 3044 330 3097 ιι
340 3030 401 3097 Cn.
413 3029 569 3096 Octavius
583 3030 691 3116 legati,
710 3032 764 3114 qui
783 3032 816 3095 in
826 3029 999 3097 Graeciam
1013 3032 1100 3096 missi
1115 3043 1214 3109 erant,
1232 3055 1324 3097 sena-

298 3137 351 3189 tus
370 3127 549 3189 consultum
557 3125 677 3190 Thebis
691 3126 830 3210 primum
848 3127 1016 3192 recitatum
1034 3149 1092 3211 per
1109 3126 1325 3192 omnesPelo·

299 3220 432 3304 ponnesi
444 3221 539 3285 urbes
549 3219 817 3296 circumtulerunt,
836 3221 956 3303 nequis
970 3221 1067 3285 ullam
1076 3244 1144 3285 rem
1157 3222 1191 3283 in
1204 3221 1324 3285 bellum

298 3314 535 3399 magistratibus
545 3313 698 3378 Romanis
716 3314 874 3379 conferret
891 3316 1213 3400 praeterquamquod
1232 3339 1324 3380 sena-

298 3417 350 3471 tus
369 3403 551 3470 censuisset.
594 3408 655 3470 hoc
678 3408 828 3471 fiduciam
845 3409 879 3471 in
902 3419 1064 3492 posterum
1082 3430 1208 3491 quoque
1230 3432 1322 3492 prae·
1341 3424 1355 3469 3

297 3500 425 3575 buerat‚
447 3500 568 3563 levatos
591 3522 624 3563 se
643 3500 856 3582 oneribusque
877 3501 1096 3585 inpensisque,
1120 3502 1237 3583 quibus
1260 3503 1322 3565 alia

299 3592 369 3657 aliis
385 3592 603 3675 inperantibus
618 3593 896 3657 exhauriebantur.
923 3593 1067 3656 Achaico
1081 3593 1214 3657 concilio
1224 3594 1321 3679 Aegii
1339 3609 1356 3654 4

298 3685 419 3770 agitato
433 3685 568 3771 benigne
585 3686 685 3750 locuti
698 3687 871 3767 auditique,
890 3687 1020 3772 egregia
1033 3709 1089 3771 spe
1107 3687 1206 3750 futuri
1220 3698 1321 3751 status

296 3778 451 3843 fidissima
463 3793 558 3865 gente
567 3780 686 3856 relicta,
701 3780 734 3842 in
743 3780 903 3843 Aetoliam
909 3781 1109 3845 traiecerunt.
1119 3781 1164 3843 ibi
1178 3781 1320 3845 nondum
1339 3803 1353 3847 u

297 3874 427 3957 quidem
454 3875 565 3939 seditio
593 3885 674 3950 erat,
703 3874 759 3938 sed
785 3875 891 3937 omnia
917 3885 1064 3959 suspecta
1090 3874 1319 3959 criminumque

295 3970 378 4033 inter
399 3968 485 4053 ipsos
510 3970 618 4053 plena3
647 3969 688 4033 ob
712 3990 794 4052 quae
819 3968 982 4032 obsidibus
1008 3968 1188 4054 postulatis,
1215 3992 1318 4054 neque
1338 3990 1352 4036 ι

296 4061 385 4127 exitu
401 4061 448 4127 rei
464 4061 601 4146 inposito
615 4062 648 4126 in
657 4062 873 4127 Acarnaniam
886 4061 960 4127 inde
974 4062 1108 4148 profecti
1125 4063 1223 4148 legati
1235 4076 1317 4129 sunt.

295 4155 410 4240 Thyrii
427 4156 596 4219 concilium
613 4157 726 4243 legatis
736 4157 923 4220 Acarnanes
941 4157 1105 4221 dederunt.
1131 4158 1176 4221 ibi
1191 4179 1317 4242 quoque
1337 4179 1349 4224 7

295 4248 379 4314 inter
386 4247 541 4340 fact-iqnes
550 4260 617 4315 erat
627 4263 785 4316 certamen
790 4275 800 4327 ;
818 4250 948 4334 quidam
957 4251 1134 4337 principum
1148 4253 1317 4335 postulare,
