3384 4975
496 541 615 597 111133
631 538 820 608 xxxxnn,
839 537 937 593 3133.
956 537 1112 606 [acra]
1259 524 1321 589 143

296 703 386 778 dam,
409 700 496 784 quod
520 698 587 762 sine
609 696 730 782 proelio
754 694 930 758 discessum
952 706 1049 771 esset,
1072 703 1257 760 accusarent
1278 728 1323 742 -

294 796 366 882 regi
386 803 535 880 prompta
556 791 700 856 defensio
722 801 805 866 erat,
831 810 896 853 non
913 810 951 853 eo
969 791 1086 865 solum,
1115 790 1201 872 quod
1221 791 1320 854 hostis
1341 810 1371 856 11

295 891 397 975 prior,
420 898 529 972 aperte
550 907 694 970 pugnam
712 884 908 960 detractam,
931 884 964 947 in
982 893 1085 947 castra
1103 884 1210 967 copias
1228 883 1322 947 redu-

296 983 409 1057 xisset,
437 980 494 1044 sed
516 979 611 1043 etiam
633 977 719 1061 quod
742 997 780 1040 3ο
798 977 868 1040 1333
891 976 983 1061 signa
1004 975 1232 1052 constituisset,
1259 997 1322 1058 quo

298 1075 454 1160 phalanx,
479 1094 575 1155 quam
593 1071 737 1135 inutilem
754 1070 806 1134 vel
824 1070 990 1135 mediocris
1007 1070 1157 1153 iniquitas
1174 1069 1236 1134 1331
1254 1070 1323 1133 effi·

298 1179 398 1244 ceret,
424 1166 603 1252 promoveri
626 1186 690 1229 non
712 1175 829 1250 posset.
875 1165 985 1230 consul
1003 1165 1044 1228 ad
1061 1166 1095 1229 id
1117 1165 1204 1248 quod
1221 1165 1322 1249 pridie
1343 1181 1377 1228 12

297 1260 546 1347 praetermisisse
567 1259 733 1344 pugnandi
751 1259 949 1324 occasionem
967 1259 1149 1336 videbatur,
1168 1271 1200 1324 et
1215 1261 1324 1323 locum

300 1355 424 1420 dedisse
442 1354 536 1430 hosti,
555 1354 582 1417 si
599 1364 691 1418 nocte
710 1353 797 1418 abire
815 1353 921 1429 vellet,
939 1364 1015 1418 tunc
1032 1374 1161 1437 quoque
1177 1376 1236 1438 per
1253 1375 1325 1437 spe-

298 1450 380 1514 ciem
391 1447 578 1512 immolandi
591 1458 692 1512 terere
706 1448 874 1511 videbatur
886 1457 1023 1532 tempus,
1042 1469 1115 1512 cum
1128 1447 1199 1511 luce
1212 1446 1324 1532 prima,

300 1543 342 1606 ad
356 1543 483 1626 signum
496 1542 694 1627 propositum
707 1563 835 1625 pugnae
850 1542 1031 1605 exeundum
1044 1541 1077 1603 in
1092 1541 1193 1606 aciem
1200 1541 1324 1604 fuisset.

298 1636 391 1700 tertia
409 1636 538 1700 demum
556 1636 634 1698 hora
651 1634 804 1698 sacrificio
822 1635 881 1698 rite
898 1644 1080 1719 perpetrato
1098 1634 1141 1697 ad
1158 1634 1324 1698 consilium
1344 1649 1378 1698 13

299 1731 440 1807 vocavit,
468 1741 564 1813 atque
580 1729 639 1806 ibi,
667 1730 754 1811 quod
770 1728 817 1793 rei
833 1729 993 1814 gerendae
1011 1740 1136 1813 tempus
1155 1739 1251 1803 33331,
1278 1728 1325 1791 lo·

299 1826 425 1909 quendo
444 1837 476 1890 et
492 1824 714 1909 intempestive
728 1825 936 1889 consultando
951 1823 1119 1888 videbatur
1133 1822 1333 1906 quibusdam-

300 1919 475 1983 extrahere.
504 1916 579 2003 [...]
590 1939 750 1982 sermones
768 1918 865 1982 talem
881 1918 991 1982 consul
1009 1918 1184 1982 orationem
1202 1917 1323 1982 habuit.

364 2011 572 2076 XXXVIII.
591 2010 645 2073 ιΡ.
655 2011 783 2087 Nasica,
800 2011 948 2094 egregius
963 2011 1160 2087 adulescens,
1175 2033 1215 2076 ex
1225 2010 1326 2074 omni·
1345 2025 1358 2072 1

300 2107 362 2170 bus
380 2126 463 2168 unus
481 2102 597 2186 quibus
615 2101 763 2166 hesterno
781 2103 832 2166 die
850 2104 987 2188 pugnari
1004 2106 1133 2188 placuit,
1153 2105 1326 2168 denudavit

299 2198 379 2262 mihi
393 2220 486 2261 suum
501 2195 677 2272 consilium,
694 2196 780 2260 idem
794 2209 915 2281 postea,
933 2196 979 2259 ita
992 2206 1027 2260 111
1045 2197 1194 2261 transisse
1208 2198 1241 2260 in
1255 2219 1327 2261 sen·

301 2291 432 2356 tentiam
450 2312 554 2354 meam
572 2290 673 2354 videri
690 2301 808 2374 posset,
828 2291 936 2354 tacuit.
981 2290 1172 2373 quibusdam
1194 2289 1360 2355 31133111

302 2396 423 2449 sentem
445 2406 575 2469 carpere
602 2385 826 2470 imperatorem
851 2406 948 2468 quam
973 2395 1172 2470 praesentem
1198 2406 1327 2449 monere

301 2479 415 2542 melius
432 2478 535 2541 visum
554 2491 611 2543 est.
647 2490 679 2543 et
696 2478 765 2555 tibi,
782 2479 822 2545 P.
833 2478 961 2557 Nasica,
980 2491 1012 2544 et
1029 2479 1223 2563 quicumque
1239 2478 1326 2543 idem
1345 2493 1362 2539 3

303 2572 390 2655 quod
400 2568 465 2655 [tu]
477 2571 631 2635 occultius
650 2584 826 2648 senserunt,
843 2594 909 2636 non
927 2572 1085 2656 gravabor
1102 2574 1235 2637 reddere
1248 2572 1328 2635 dila·
1388 2605 1392 2618 «

302 2678 354 2729 133
368 2686 497 2749 pugnae
511 2664 675 2728 rationem.
702 2688 777 2728 nam
792 2676 917 2729 tantum
931 2665 1030 2741 abest,
1048 2676 1085 2729 ut
1097 2688 1149 2729 me
1162 2666 1328 2729 hesternae
1346 2680 1363 2725 4

304 2758 419 2843 quietis
436 2758 607 2842 paeniteat,
626 2770 662 2822 ut
679 2771 841 2823 servatum
856 2782 875 2823 a
889 2782 940 2824 me
959 2759 1132 2823 exercitum
1146 2781 1184 2823 eo
1199 2758 1328 2823 consilio

304 2852 440 2916 credam.
492 2851 612 2933 inqua
640 2874 692 2917 me
715 2852 863 2937 opinione
886 2875 955 2917 esse
984 2853 1051 2917 sine
1074 2874 1233 2917 causaue
1256 2851 1327 2935 quis

303 2950 444 3009 1331111111
457 2944 575 3021 3131131,
593 2957 810 3031 recognoscat,
829 2947 978 3032 agedum,
996 2969 1132 3023 mecum,
1151 2946 1178 3011 si
1191 2946 1327 3023 videtur,

304 3059 400 3121 quam
409 3039 510 3102 multa
518 3060 576 3124 pro
586 3039 676 3105 hoste
686 3052 718 3105 et
727 3041 880 3105 adversus
890 3063 948 3105 nos
957 3041 1084 3108 fuerint.
1111 3040 1362 3106 iamomniuma

303 3132 457 3217 primum,
484 3145 638 3216 quantum
659 3156 792 3201 numero
814 3157 873 3204 nos
895 3148 1070 3222 praestent,
1096 3137 1255 3201 neminem
1272 3156 1328 3199 ve·

305 3231 404 3289 31111111
421 3248 481 3292 1133
503 3239 576 3293 31113
597 3229 762 3315 ignorasse
779 3243 810 3295 et
832 3230 980 3296 hesterno
999 3228 1050 3295 die
1073 3231 1264 3315 explicatam
1281 3229 1329 3291 in-

306 3320 422 3385 tuentis
432 3320 532 3385 aciem
541 3322 811 3401 animadvertisse,
822 3335 943 3389 certum
953 3323 1067 3389 habeo.
1095 3346 1135 3387 ex
1144 3322 1204 3385 hac
1220 3332 1329 3385 nostra
1348 3332 1365 3379 3

304 3414 464 3498 paucitate
483 3424 596 3497 quarta
613 3437 687 3500 pars
705 3418 842 3480 militum
859 3417 1018 3502 praesidio
1041 3414 1263 3500 inpedimentis
1280 3436 1331 3476 re-

306 3507 479 3581 1131331311,
497 3529 557 3571 nec
574 3509 818 3592 ignavissimum
836 3530 996 3592 quemque
1012 3508 1146 3589 relinqui
1165 3508 1208 3570 ad
1226 3516 1330 3569 custo-

307 3598 393 3662 diam
407 3598 601 3662 sareinarum
614 3601 710 3664 scitis.
738 3602 795 3665 sed
808 3601 962 3665 fuerimus
978 3622 1097 3663 omnes.
1124 3620 1256 3685 parvom
1269 3598 1330 3661 hoc
1349 3612 1364 3657 1

306 3690 436 3756 1311113111
454 3713 523 3756 esse
539 3692 706 3770 oredimus,
725 3695 812 3776 quod
826 3717 866 3758 ex
883 3694 932 3758 his
947 3693 1068 3769 castris,
1085 3693 1119 3756 in
1136 3692 1253 3776 quibus
1270 3691 1331 3755 hac

307 3796 401 3851 nocte
420 3784 605 3862 mansimus,
624 3786 740 3851 exituri
755 3787 790 3850 in
807 3786 908 3851 aciem
926 3786 1078 3867 hodierno
1097 3797 1151 3849 aut
1170 3807 1330 3850 summum

308 3880 445 3945 crastino
458 3879 519 3957 die,
538 3880 565 3944 si
577 3880 623 3944 ita
636 3880 805 3957 videbitur,
820 3882 880 3946 diis
894 3869 976 3947 bene
990 3880 1183 3957 iuvantibus,
1202 3880 1331 3943 sumus?

308 3973 427 4039 nihilne
444 3973 589 4053 interest,
615 3988 722 4039 utrum
745 3976 891 4053 militem,
919 3998 1015 4060 quem
1032 3997 1135 4059 neque
1152 3975 1223 4039 viae
1241 3974 1331 4037 labor
1349 3992 1368 4040 3

308 4069 404 4133 hodie
425 4089 531 4152 neque
549 4071 652 4156 operis
674 4071 869 4157 fatigaverit,
897 4071 1090 4156 requietum,
1117 4071 1276 4156 integrum
1296 4070 1330 4133 in

309 4163 444 4229 tentorio
462 4186 521 4230 suo
538 4189 628 4231 arma
651 4187 765 4251 capere
782 4166 894 4231 iubeas
912 4177 1009 4249 atque
1026 4165 1060 4229 in
1084 4165 1182 4230 aciem
1199 4166 1330 4250 plenum

310 4256 440 4336 virium,
466 4259 628 4345 vigentem
645 4273 678 4327 et
695 4282 826 4346 corpore
844 4270 876 4325 et
893 4259 999 4325 animo
1017 4259 1148 4335 educas,
1176 4282 1217 4323 an
1234 4259 1330 4343 longo
1350 4275 1365 4323 3
