3384 4975
391 517 433 584 10
457 492 463 513 ²
601 526 718 582 amns
735 523 879 592 xxxm,
898 523 940 577 ro.
957 522 998 576 11.
1018 523 1200 591 [111111]

357 711 374 760 5
393 682 497 755 castra
506 687 662 762 Romana,
680 681 794 748 deinde
813 676 939 745 obsides
957 680 1128 765 imperatos
1145 681 1309 746 miserunt.
1336 682 1418 751 haec

392 805 466 847 cum
478 781 601 845 Romae
619 778 747 864 cognita
763 775 875 841 litteris
892 775 1117 860 proconsulum
1132 786 1246 852 essent,
1267 774 1305 841 C.
1320 775 1419 843 Clau-

392 875 463 940 dius
482 874 592 939 consul
609 872 739 948 veritus,
756 894 797 936 ne
815 871 896 935 forte
915 893 953 934 ea
969 893 1019 935 res
1037 869 1234 956 provinciam
1249 867 1312 956 [et]
1327 893 1420 937 exer-

394 969 492 1034 eitum
510 968 571 1031 sibi
588 967 756 1043 adimeret,
774 986 839 1030 non
856 964 945 1029 votis
956 963 1159 1049 nuncupatis,
1177 986 1242 1028 non
1258 965 1419 1048 paludatis

394 1061 574 1137 lictoribus,
596 1082 661 1124 uno
680 1059 822 1125 omnium
840 1059 973 1124 certiore
991 1059 1077 1123 facto
1096 1058 1219 1142 collega
1235 1070 1328 1122 noete
1346 1081 1421 1144 pro-

394 1156 513 1233 fectus,
539 1177 692 1240 praeceps
724 1155 758 1219 in
783 1154 982 1240 provinciam
1007 1153 1099 1232 abiit;
1127 1153 1184 1218 ubi
1210 1153 1420 1220 inconsultius

359 1272 491 1333 equam
516 1260 647 1314 venerat
673 1271 708 1313 se
733 1249 841 1332 gessit.
864 1286 870 1297 ·
890 1271 965 1311 nam
992 1269 1065 1312 cum
1092 1247 1238 1313 contione
1264 1247 1420 1313 advocata

393 1345 504 1428 fugam
519 1367 536 1408 e
551 1343 661 1408 castris
670 1344 713 1407 A.
722 1343 826 1407 Manli
840 1340 981 1408 adversis
996 1342 1125 1406 auribus
1139 1341 1285 1418 militum,
1300 1341 1420 1427 quippe

394 1438 449 1522 qui
467 1437 561 1522 primi
583 1437 645 1522 ipsi
662 1436 833 1522 fugissent,
854 1437 1003 1502 iactasset
1021 1433 1083 1522 [et]
1101 1435 1284 1520 ingessisset
1302 1438 1421 1520 probra

393 1532 443 1596 Μ.
460 1530 565 1606 Iunio,
584 1530 671 1614 quod
688 1554 723 1595 se
741 1531 904 1596 dedecoris
923 1531 1044 1595 socium
1063 1531 1204 1613 collegae
1221 1530 1360 1608 fecisset,
1378 1531 1420 1595 ad

360 1648 375 1692 1
395 1635 572 1688 extremum
584 1634 755 1707 utrumque
769 1624 921 1689 decedere
938 1623 1102 1709 provincia
1118 1623 1219 1688 iussit.
1246 1624 1420 1706 quodcum

394 1719 440 1783 illi
466 1728 535 1782 tum
557 1718 694 1783 consulis
720 1719 852 1803 imperio
882 1719 965 1783 dicto
993 1718 1157 1782 audientes
1185 1717 1325 1781 facturos
1352 1714 1418 1802 [se]

395 1834 464 1876 esse
487 1813 641 1888 dicerent,
663 1833 736 1876 cum
757 1813 784 1875 is
802 1834 891 1876 more
908 1812 1078 1888 maiorum,
1102 1811 1278 1875 secundum
1294 1820 1368 1875 vota
1385 1810 1420 1873 in

396 1903 554 1991 Capitolio
580 1916 778 1990 nuncupata,
809 1906 973 1970 lictoribus
999 1905 1158 1989 paludatis
1190 1905 1350 1989 profectus
1377 1903 1419 1967 ab

361 2020 377 2067 8
396 2001 475 2065 urbe
494 2009 590 2074 esset,
612 1999 721 2063 furens
744 2000 792 2063 ira
808 2010 957 2065 vocatum
975 2000 1030 2084 qui
1051 2021 1109 2083 pro
1132 2009 1297 2082 quaestore
1314 1997 1421 2061 Manli

396 2104 464 2157 erat
491 2104 619 2158 catenas
644 2094 803 2179 poposcit,
830 2093 953 2159 vinctos
980 2117 1014 2158 se
1040 2093 1170 2157 lunium
1196 2093 1420 2175 Manliumque

363 2207 377 2252 9
395 2186 544 2251 minitans
561 2187 699 2252 Romam
716 2188 897 2251 missurum.
924 2188 966 2251 ab
984 2209 1021 2252 eo
1040 2209 1167 2271 quoque
1186 2197 1328 2271 spretum
1345 2208 1420 2250 con·

396 2281 473 2344 sulis
490 2280 659 2364 imperium
677 2290 739 2356 est3
759 2291 791 2345 et
809 2281 1020 2345 circumfusus
1038 2281 1211 2356 exercitus,
1230 2279 1341 2345 favens
1358 2279 1418 2342 im-

397 2384 578 2456 peratorum
605 2395 720 2437 causae
747 2384 778 2437 et
805 2375 928 2438 consuli
953 2375 1104 2451 infestus,
1136 2375 1257 2438 animos
1285 2374 1327 2438 ad
1355 2393 1420 2437 non

348 2488 379 2533 10
396 2466 575 2552 parendum
591 2467 738 2533 addebat.
783 2480 943 2553 postremo
961 2469 1113 2556 fatigatus
1132 2469 1292 2539 consulet
1309 2480 1420 2534 eontu-

397 2562 486 2626 melis
505 2562 703 2647 singulorum
722 2573 753 2627 et
776 2564 988 2628 multitudinis
1005 2601 1048 2611 —
1064 2588 1140 2628 nam
1158 2565 1288 2648 insuper
1304 2563 1421 2628 inride·
1452 2624 1460 2631 .

398 2655 535 2720 111111-
555 2656 714 2733 ludibriis,
741 2681 824 2724 nave
851 2659 962 2725 eadem
989 2681 1054 2741 qua
1080 2669 1210 2722 venerat
1236 2656 1420 2740 Aquileiam
1481 2657 1488 2666 “

348 2768 377 2813 11
397 2748 498 2815 rediit.
550 2751 626 2816 inde
652 2754 793 2838 collegae
820 2755 959 2839 scripsit,
986 2764 1022 2817 ut
1047 2753 1184 2816 militum
1210 2774 1364 2815 novorum
1390 2750 1422 2814 ei

397 2846 489 2927 parti,
508 2866 590 2927 quse
605 2848 721 2930 scripta
738 2848 772 2911 in
781 2849 937 2912 Histriam
951 2847 1148 2931 provinciam
1162 2855 1254 2922 esset,
1274 2843 1420 2921 ediceret,

397 2938 580 3017 Aquileiam
599 2951 635 3002 ut
653 2941 843 3017 conveniret,
860 2964 901 3005 ne
919 2940 997 3023 quid
1015 2963 1048 3005 se
1066 2942 1189 3005 Romae
1207 2950 1338 3017 teneret,
1356 2960 1420 3022 quo

305 3057 308 3062 ·
349 3046 379 3093 12
398 3029 503 3093 minus
521 3031 602 3094 votis
626 3034 816 3118 nuncupatis
838 3034 1008 3119 paludatus
1027 3035 1069 3098 ab
1091 3036 1170 3100 urbe
1189 3036 1298 3100 exiret.
1342 3033 1421 3097 haee

399 3146 418 3186 1
436 3124 559 3209 collega
576 3126 787 3208 obsequenter
804 3128 889 3192 facta
904 3129 1073 3211 brevisque
1086 3130 1153 3194 dies
1172 3130 1213 3193 ad
1232 3126 1421 3192 convenien-

398 3217 474 3281 dum
492 3219 595 3283 edicta
617 3230 674 3283 est.
720 3218 875 3285 Claudius
898 3244 997 3306 prope
1020 3234 1207 3287 consecutus
1231 3232 1280 3285 est
1301 3221 1421 3283 litteras

348 3328 379 3374 13
399 3332 482 3375 suas.
510 3312 655 3377 contione
673 3312 844 3377 adveniens
863 3314 902 3379 de
920 3315 1043 3379 Manlio
1062 3326 1094 3378 et
1109 3316 1201 3379 Iunio
1220 3313 1338 3387 habita,
1356 3333 1421 3374 non

398 3404 481 3469 ultra
498 3404 638 3469 triduum
655 3418 796 3472 moratus
814 3404 948 3517 Romae,
965 3410 1125 3493 paludatis
1142 3406 1305 3472 lictoribus
1323 3405 1422 3468 votis·

399 3522 461 3583 que
473 3500 507 3564 in
516 3497 675 3610 Capitolio
689 3503 899 3587 nuncupatis,
908 3501 941 3565 in
958 3503 1153 3587 provinciam
1168 3522 1268 3584 aeque
1282 3521 1319 3563 ac
1333 3498 1420 3583 prius

397 3595 562 3679 praecipitr
537 3596 738 3661 tceleritate
755 3596 832 3661 abit.
897 3644 898 3654 ,

366 3703 379 3748 1
461 3689 525 3753 ΧΙ.
553 3688 743 3755 Paucist
689 3702 761 3755 ante
784 3691 897 3755 diebus
914 3690 1025 3754 Iunius
1043 3690 1250 3774 Manliusque
1268 3636 1422 3796 bppidum

399 3782 526 3846 Nesact
504 3792 598 3859 trum,
623 3804 686 3865 quo
711 3807 745 3849 se
767 3785 926 3869 principes
944 3783 1020 3847 Hist
1007 3794 1128 3848 trorum
1146 3796 1178 3849 et
1200 3782 1362 3867 regulus
1353 3803 1421 3861 1pse

366 3887 381 3932 2
399 3873 526 3956 Aepulo
543 3887 720 3959 receperat,
739 3900 864 3942 summa
881 3878 914 3942 vi
931 3888 1164 3962 oppugnarent.
1209 3898 1247 3938 eo
1267 3872 1421 3935 Claudius

400 3962 523 4029 duabus
546 3969 725 4054 legionibus
750 3970 842 4035 novis
869 3970 1029 4047 adductis,
1056 3981 1162 4039 vetere
1187 3964 1327 4030 exercitu
1349 3985 1422 4027 cum

400 4054 465 4117 suis
483 4057 617 4127 ducibus
636 4063 776 4144 dimisso,
794 4066 863 4150 ipse
880 4063 1034 4148 oppidum
1052 4056 1253 4127 circumsedit
1271 4066 1303 4121 et
1320 4056 1421 4121 vineis

366 4166 585 4234 eoppugnare
611 4155 746 4222 intendit
770 4178 959 4240 amnemque
985 4154 1260 4242 praeterfluentem
1285 4150 1421 4229 moenia,

401 4242 456 4326 qui
482 4253 515 4308 et
539 4244 754 4329 inpedimento
780 4250 1040 4336 oppugnantibus
1067 4257 1135 4313 erat
1161 4256 1194 4311 et
1219 4246 1422 4330 aquationem
