3384 4975
427 532 647 591 rrurocusn
666 528 870 586 nmrouuu
886 528 992 586 mim.
1010 528 1131 589 xum.
1235 493 1295 584 197

306 1147 556 1215 LIBRORUM
573 1144 961 1214 XLVI-cxxxxss
979 1146 1265 1215 PERIOOHAE.

597 1352 600 1357 “
688 1353 728 1392 EX
737 1353 791 1392 LlB.
801 1352 878 1393 XLVI.

224 1460 230 1468 ,
321 1420 461 1474 Eumenes
483 1435 531 1473 rex
551 1419 671 1472 Romam
692 1419 781 1488 venit,
805 1419 853 1488 qui
875 1418 1060 1476 Macedonico
1082 1420 1158 1476 bello
1179 1421 1300 1475 medium

271 1486 1301 1613 restituuntur{dissuasissemuscarlou

326 1625 332 1637 ,
541 1596 552 1635 χ
616 1624 621 1635 ,
758 1625 766 1648 1
801 1596 808 1625 r
837 1625 843 1637 ,
1188 1598 1195 1625 r
1241 1625 1247 1638 ,

271 1623 1300 1769 &mittitetetttbtotlttttttttlgt.legtttlttt

271 1762 348 1834 regis
358 1761 449 1832 questi
458 1767 523 1816 sunt
531 1762 566 1816 de
576 1761 711 1830 Eumene,
722 1762 796 1831 quod
806 1760 877 1817 fines
886 1780 950 1817 suos
959 1763 1142 1834 popularetur
1161 1762 1300 1817 dixemmt-

273 1849 327 1901 que
346 1848 408 1885 eum
422 1846 489 1884 cons
509 1831 595 1884 irasse
610 1847 672 1884 cum
686 1831 827 1885 Antiocho
841 1831 973 1886 adversus
1007 1832 1122 1901 opulum
1162 1848 1299 1885 omanum.

272 1898 392 1954 societas
402 1914 465 1952 oum
500 1897 582 1951 hodis
591 1897 807 1967 deprecantibus
815 1900 911 1954 iuncta
925 1905 976 1955 est.
985 1849 1301 1954 iirstrumacensoribus

272 1967 415 2021 conditum
424 1971 480 2020 est:
494 1978 579 2020 censa
587 1970 653 2019 sunt
661 1966 762 2020 civium
771 1968 866 2037 capita
874 1972 1000 2022 trecenta
1008 1968 1043 2022 tri
1066 1969 1126 2022 inte
1135 1973 1242 2037 septem
1250 1967 1300 2021 mi·

272 2037 312 2089 lia
320 2034 420 2106 viginti
429 2035 493 2102 duo,
506 2033 638 2103 princeps
647 2039 761 2088 senatus
769 2035 808 2087 M.
817 2034 955 2088 Aemilius
964 2035 1037 2105 Lepi
1058 2052 1099 2090 us.
1121 2035 1301 2090 Ptolemaeus

272 2103 400 2174 Aegypti
412 2119 474 2170 rer,
489 2101 586 2171 pulsus
601 2118 630 2156 re
672 2118 688 2155 o
704 2101 836 2156 aminore
851 2103 951 2171 fratre,
965 2103 1057 2156 missis
1072 2104 1108 2156 ad
1121 2119 1185 2157 eum
1198 2103 1299 2174 legatis

272 2175 418 2227 restitutus
438 2175 488 2225 est.
523 2169 638 2224 Ariarat
658 2187 687 2238 e,
706 2169 904 2239 Cappadociae
922 2187 1003 2242 rege,
1022 2177 1131 2224 mortuo
1148 2169 1223 2223 filius
1241 2170 1300 2225 eius

272 2239 436 2294 Ariarathes
451 2255 568 2311 regnum
582 2239 691 2308 accepit
705 2243 734 2292 et
748 2238 900 2293 amicitiam
915 2255 977 2293 cum
990 2239 1095 2319 populo
1109 2239 1237 2292 Romano
1250 2257 1301 2309 per

272 2310 383 2380 legatos
400 2306 553 2362 renovavit.
588 2323 633 2361 res
650 2311 800 2377 praeterea
817 2307 950 2362 adversus
967 2307 1088 2378 Ligures
1107 2311 1135 2361 et
1155 2306 1254 2361 Corsos
1273 2313 1302 2362 et

272 2377 424 2431 Lusitanos
432 2376 509 2430 vario
519 2380 620 2430 eventu
629 2380 723 2446 gestas
734 2382 763 2430 et
771 2381 862 2429 motus
872 2374 971 2446 Syriae
980 2380 1088 2430 mortuo
1093 2375 1243 2445 Antiocho,
1254 2377 1301 2445 qui

272 2446 361 2500 filium
379 2444 549 2499 Antiochum
567 2461 684 2515 puerum
701 2444 852 2499 admodum
869 2445 1022 2516 reliquerat
1058 2443 1191 2499 continet.
1227 2445 1302 2499 hunc

271 2514 443 2569 Antiochum
455 2530 572 2584 puerum
586 2531 648 2567 cum
657 2512 745 2584 Lysia
753 2519 844 2568 tutore
854 2513 1014 2569 Demetrius
1025 2484 1137 2569 §eleuci
1150 2512 1238 2582 filius,
1254 2514 1301 2583 qui

272 2583 379 2637 Romae
398 2582 479 2636 obses
496 2581 602 2649 iuerat,
626 2582 711 2649 clam,
735 2582 802 2651 quia
823 2599 880 2636 uon
899 2581 1091 2636 dimittebatur
1109 2599 1127 2636 a
1143 2581 1301 2650 Roma[nis,

272 2653 399 2721 elapsus]
409 2649 559 2716 interemit,
570 2648 666 2719 etipse
675 2648 831 2722 inregnum
840 2655 977 2719 receptus.
995 2650 1029 2704 L.
1039 2648 1176 2704 Aemilius
1186 2649 1301 2717 Paulus,

273 2718 564 2844 tlsitttltttl
579 2717 1170 2842 ostiensisconsecrat
1183 2722 1303 2842 blut

274 2806 403 2911 auctionpe
414 2857 473 2911 eius
482 2855 627 2909 redactum
636 2854 681 2924 sit,
690 2854 765 2909 unde
776 2855 853 2909 uxori
864 2856 923 2909 eius
933 2804 983 2908 dgr
993 2854 1154 2909 solveretur.
1174 2826 1301 2924 ’Pompti-

273 2942 327 2980 nae
336 2924 455 2994 paludes
466 2922 620 2977 aOornelio
630 2922 757 2995 Cethego
766 2922 894 2993 consule,
909 2922 955 2977 cui
964 2940 999 2979 ea
1006 2922 1152 2994 provincia
1161 2927 1301 2992 evenerat,

274 2994 405 3063 siccatae,
416 3008 538 3064 agerque
549 3009 582 3047 ex
591 2991 625 3044 iis
634 2991 736 3046 factus.
799 3013 801 3016 ’
1351 2993 1353 2997 ’

326 3131 377 3186 Cn.
392 3128 543 3210 Tremellio
557 3130 681 3209 praetori
689 3071 944 3210 ffuigtsitilcgest,
963 3129 1038 3200 quod
1052 3146 1116 3184 cum
1128 3127 1167 3182 M.
1181 3127 1303 3183 Aemilio
1316 3113 1318 3116 ⁸

273 3200 384 3269 Lepido
393 3196 526 3268 pontifice
535 3214 653 3252 mammo
663 3198 794 3253 iniuriose
804 3199 1001 3265 contenderat,
1012 3213 1209 3267 sacrorumque
1219 3213 1304 3267 quam

273 3267 488 3337 magistratuum
504 3266 547 3319 ius
564 3267 706 3335 potentius
723 3266 785 3321 fuit.
813 3268 858 3322 lex
876 3267 911 3322 de
931 3266 1038 3321 ambitu
1056 3267 1123 3319 lata.
1155 3266 1272 3318 lustrum
1286 3281 1305 3317 a

276 3334 437 3390 censoribus
451 3335 593 3388 conditum
607 3339 661 3387 est:
680 3351 766 3389 censa
779 3340 843 3388 sunt
853 3335 953 3388 civium
963 3334 1058 3404 capita
1067 3338 1194 3388 trecenta
1203 3332 1304 3411 viginti

276 3409 339 3457 octo
357 3403 434 3454 milia
448 3406 575 3455 trecenta
583 3402 713 3470 sedecim,
731 3402 861 3472 princeps
873 3406 1013 3469 [senatus]
1023 3404 1161 3520 sedtum}
1167 3400 1304 3453 Aemilius

276 3469 410 3540 Lepidus.
437 3468 508 3523 inter
517 3469 694 3523 Ptolemaeos
708 3470 819 3537 iratres,
834 3470 883 3539 qui
897 3469 1079 3536 dissidebant,
1094 3469 1140 3521 foe
1161 3485 1194 3519 us
1207 3467 1303 3532 ictum,

276 3546 309 3592 ut
317 3538 389 3591 alter
397 3536 540 3655 Aegyssto,
551 3537 623 3591 alter
631 3535 748 3605 Cyrenis
757 3541 897 3607 regnaret.
920 3537 1094 3603 Ariarathes,
1106 3533 1304 3603 Cappadociae

276 3623 332 3673 rex,
347 3604 464 3659 consilio
504 3604 601 3657 emetri
611 3601 710 3673 Syriae
719 3605 794 3676 regis
803 3609 832 3658 et
840 3604 945 3658 viribus
954 3604 1052 3683 pulsus
1061 3620 1158 3673 regno,
1174 3620 1191 3655 a
1204 3605 1305 3655 senatu

276 3675 421 3729 restitutus
436 3677 486 3727 est.
514 3671 591 3724 missi
604 3687 622 3725 a
636 3676 736 3726 senatu
769 3672 798 3725 ui
810 3672 883 3726 inter
893 3671 1070 3726 Masinissam
1084 3678 1113 3725 et
1126 3668 1303 3740 Carthagini·

277 3759 358 3801 enses
377 3742 412 3797 de
431 3756 500 3811 agro
517 3739 682 3794 iudicarent.
710 3740 741 3795 C.
787 3741 877 3794 areius
895 3739 992 3794 consul
1011 3740 1142 3794 adversus
1155 3738 1303 3792 Dalmatas

296 3814 395 3865 rimum
412 3826 513 3881 parum
529 3825 677 3878 prospere,
699 3815 799 3879 postea
816 3808 937 3863 feliciter
954 3807 1104 3879 pugnavit3
1124 3824 1186 3861 cum
1204 3806 1305 3876 quibus

273 3833 352 3937 {ello
366 3877 536 3950 confligendi
549 3894 637 3932 causa
650 3876 716 3945 init,
732 3877 805 3947 quod
818 3875 944 3947 Illyrios,
960 3878 1049 3930 socios
1062 3876 1160 3946 populi
1173 3873 1320 3948 Romanis

277 3953 471 4016 vastaverant,
489 3946 662 4016 eandemque
697 3951 789 4001 entem
803 3945 948 4000 Cornelius
961 3945 1065 4001 Nasica
1079 3944 1176 4023 consul
1190 3942 1306 4023 domuit.

278 4018 311 4082 Q.
323 4016 448 4088 Opimius
459 4015 556 4070 consul
566 3963 768 4085 'l'ransafpinos
776 4014 906 4085 Ligures,
916 4013 964 4085 qui
974 4012 1190 4067 Massiliensium
1200 4028 1216 4065 o
1237 4012 1308 4081 prda

277 4086 433 4157 Antipolim
442 4084 614 4140 etNicaeam
623 4084 786 4152 vastabant,
802 4082 922 4153 subegit.
948 4086 1096 4152 praeterea
1109 4080 1192 4134 resin
1232 4081 1307 4150 ispa·

277 4154 327 4210 nia
340 4172 358 4209 a
370 4153 550 4225 conpluribus
563 4170 662 4223 parum
675 4168 808 4223 prospere
823 4158 918 4223 gestas
933 4150 1066 4206 continet.
1094 4149 1220 4205 consules
1231 4166 1307 4204 anno

281 4222 501 4292 quingentesimo
518 4222 701 4293 nonagesimo
719 4227 818 4275 octavo
837 4220 873 4274 ab
891 4220 960 4275 urbe
980 4220 1093 4274 condita
1110 4219 1306 4292 magistratum

282 4302 352 4365 [kal.
370 4293 444 4361 Iam]
467 4292 537 4347 inire
559 4295 721 4361 coeperunt.
756 4288 885 4343 mutandi
902 4288 1016 4343 comitia
1034 4304 1120 4344 causa
1137 4288 1205 4356 fuit,
1231 4287 1306 4356 quod
