3384 4975
232 544 235 554 ,
328 479 390 545 180
531 483 1139 554 111111111111111111111]

292 673 309 720 5
328 649 572 733 Hellespontum
590 653 768 730 opportune
785 641 878 707 versi.
910 640 1002 705 tertia
1019 641 1107 726 regio
1124 640 1239 705 nobilis
1257 643 1358 710 urbes

328 742 485 806 Edessam
502 749 533 804 et
550 739 709 802 Beroeam
727 747 759 801 et
775 735 900 800 Pellam
917 733 1014 799 habet
1036 745 1068 798 et
1085 735 1268 799 Bottiorum
1286 735 1357 802 bel·

327 834 459 899 licosam
489 843 633 917 gentem,
668 831 788 894 incolas
821 850 949 913 quoque
980 828 1153 912 permultos
1182 827 1296 895 Gallos
1324 841 1358 896 et

215 923 217 931 ’
258 933 260 939 ’
295 928 464 1010 elllyrios,
481 926 624 1010 inpigros
642 926 788 990 cultores.
825 932 970 1007 quartam
986 923 1149 1006 regionem
1163 921 1305 988 Eordaei
1323 934 1356 989 et

327 1021 507 1104 Lyncestae
517 1031 558 1084 .et
574 1018 753 1103 Pelagones
770 1018 922 1092 incolunt,
940 1015 1049 1078 iuncta
1066 1015 1115 1080 his
1134 1017 1303 1082 Atintania
1321 1027 1355 1082 et

295 1113 525 1198 rStymphalis
552 1123 584 1177 et
610 1111 778 1176 Elimiotis.
831 1109 948 1194 frigida
974 1109 1053 1173 haeo
1080 1109 1181 1172 omnis
1208 1110 1355 1195 duraque

328 1207 415 1271 cultu
428 1216 460 1270 et
474 1229 587 1290 aspera
603 1207 700 1290 plaga
713 1215 771 1280 est,
789 1204 947 1269 cultorum
962 1225 1089 1285 quoque
1102 1203 1231 1288 ingenia
1249 1216 1354 1271 terrae

328 1301 443 1364 similia
460 1300 566 1365 habet.
611 1299 780 1365 ferociores
804 1319 858 1362 eos
877 1309 908 1362 et
932 1298 1057 1362 accolae
1076 1297 1202 1381 barbari
1220 1289 1353 1376 faciunt,

327 1416 413 1458 nunc
429 1394 514 1457 bello
528 1403 719 1468 exercentes,
737 1415 822 1456 nuno
839 1392 874 1455 in
891 1413 969 1476 pace
984 1391 1151 1456 miscentes
1168 1391 1248 1456 ritus
1266 1415 1352 1458 suos.

291 1511 309 1560 8
328 1487 430 1551 divisa
442 1487 551 1569 itaque
560 1486 762 1562 Macedonia,
780 1485 920 1570 partium
928 1486 1038 1549 usibus
1049 1485 1212 1570 separatis,
1232 1497 1353 1569 quanta

328 1582 477 1644 universa
496 1578 607 1664 [esset]
628 1579 775 1643 ostendit.

295 1697 308 1742 1
391 1672 530 1736 XXXI.
556 1673 767 1737 Macedoniae
785 1671 923 1735 formula
945 1671 1045 1747 diota,
1073 1694 1145 1736 cum
1166 1672 1255 1757 leges
1274 1693 1354 1756 quo·

328 1789 390 1851 que
408 1767 609 1831 sedatorum
627 1765 830 1840 ostendisset,
849 1764 957 1828 Aetoli
976 1764 1089 1829 deinde
1109 1766 1204 1828 citati.
1237 1766 1353 1849 inqua

328 1860 507 1945 cognitione
533 1859 635 1944 magis
659 1869 731 1922 utra
752 1882 826 1942 pars
844 1858 1012 1933 Romanis,
1036 1869 1107 1921 utra
1128 1859 1198 1942 regi
1220 1859 1353 1924 favisset

327 1954 505 2037 quaesitum
523 1964 580 2030 est,
599 1974 696 2035 quam
709 1962 781 2016 utra
794 1952 922 2016 fecisset
934 1952 1082 2014 iniuriam
1096 1962 1151 2015 ant
1165 1953 1338 2037 accepisset
1343 1977 1353 2030 3

295 2068 412 2114 anoxa
433 2046 557 2110 liberati
578 2046 810 2121 interfectorem
838 2045 967 2109 exilium
993 2045 1093 2128 pulsis
1121 2067 1221 2127 aeque
1248 2057 1354 2110 ratum

328 2141 389 2204 fuit
406 2162 444 2204 ac
464 2161 549 2203 mors
567 2139 754 2216 interfectis3
778 2140 820 2202 A.
839 2139 981 2203 Baebius
999 2161 1081 2201 unus
1105 2149 1152 2202 est
1174 2140 1354 2216 damnatus,

329 2235 416 2317 quod
433 2234 547 2298 milites
557 2234 718 2298 Romanos
736 2233 935 2317 praebuisset
953 2233 994 2295 ad
1011 2232 1220 2296 ministerium
1235 2233 1353 2298 caedis.

295 2346 310 2393 3
328 2328 379 2392 hio
398 2338 530 2391 eventus
544 2327 733 2391 Aetolorum
751 2349 866 2390 causae
883 2327 917 2389 in
935 2327 1081 2389 omnibus
1102 2325 1252 2391 Graeciae
1270 2348 1353 2409 gen·

247 2475 250 2481 .
328 2421 413 2483 tibus
439 2419 628 2503 populisque
655 2441 763 2482 eorum
787 2420 843 2502 qui
865 2420 963 2504 partis
987 2420 1203 2483 Romanorum
1223 2419 1355 2483 fuerant

328 2514 449 2578 inflavit
467 2513 509 2576 ad
530 2513 761 2577 intolerabilem
779 2514 961 2598 superbiam
989 2515 1124 2590 animos,
1150 2524 1180 2579 et
1198 2513 1353 2578 obnoxios

328 2607 463 2691 pedibus
479 2628 587 2670 eorum
601 2607 744 2682 subiecit,
761 2629 840 2690 quos
855 2607 962 2690 aliqua
982 2618 1070 2691 parte
1085 2608 1221 2692 suspicio
1235 2607 1353 2672 favoris

294 2722 311 2767 4
328 2702 361 2764 in
379 2723 488 2785 regem
507 2700 691 2784 contigerat.
719 2701 778 2765 tria
795 2723 914 2785 genera
932 2701 1158 2784 principumin
1172 2700 1353 2764 civitatibus

329 2805 429 2869 erant,
449 2795 522 2871 duo,
541 2815 623 2876 quae
638 2794 796 2857 adulando
811 2805 866 2857 aut
880 2794 1098 2858 Romanorum
1115 2794 1283 2878 imperium
1299 2803 1354 2858 aut

329 2887 501 2949 amicitiam
524 2909 637 2969 regum
660 2888 721 2950 sibi
743 2888 892 2970 privatim
914 2908 990 2971 opes
1009 2888 1167 2971 oppressis
1192 2888 1353 2952 faciebant

329 2978 523 3053 civitatibus3
560 2979 700 3042 medium
727 3002 840 3054 unum,
873 2980 999 3061 utrique
1031 2982 1140 3065 generi
1174 2982 1352 3057 adversum,

295 3070 508 3153 5'libertatem
524 3070 704 3155 leges[que]
727 3073 885 3137 tuebatur.
913 3073 962 3137 his
983 3072 1032 3157 [ut
1052 3072 1164 3159 maior]
1185 3086 1262 3158 aput
1280 3096 1354 3137 suos

329 3164 452 3239 caritas,
470 3164 515 3225 ita
531 3164 633 3227 minor
647 3166 688 3228 ad
706 3176 852 3231 externos
870 3168 973 3251 gratia
988 3178 1064 3231 erat.
1092 3169 1239 3232 secundis
1257 3169 1353 3231 rebus

329 3257 403 3321 elati
421 3258 638 3322 Romanorum
660 3259 757 3342 partis
781 3260 848 3324 eius
872 3261 1011 3326 fautores
1030 3263 1089 3325 soli
1112 3274 1179 3326 tum
1201 3262 1234 3324 in
1252 3262 1355 3346 magi-

296 3351 493 3428 aetatibus,
517 3352 574 3415 soli
596 3352 630 3415 in
650 3352 863 3437 legationibus
882 3366 980 3419 erant.
1024 3355 1148 3419 hicum
1171 3356 1354 3435 frequentes

329 3456 361 3509 et
386 3468 426 3510 ex
452 3445 674 3529 Peloponneso
701 3458 733 3511 et
759 3470 799 3511 ex
821 3448 956 3513 Boeotia
982 3459 1013 3513 et
1040 3473 1080 3513 ex
1104 3449 1172 3512 aliis
1197 3446 1354 3512 Graeciae

296 3560 310 3605 7
329 3540 456 3604 concilis
475 3539 631 3616 adessent,
649 3540 821 3625 implevere
839 3566 931 3607 aures
952 3542 1060 3607 decem
1078 3543 1270 3627 legatorum:
1289 3563 1356 3605 non

330 3655 383 3697 eos
411 3645 548 3709 tantum,
575 3634 688 3716 quise
714 3635 880 3721 'propalam
907 3660 964 3721 per
990 3639 1162 3702 vanitatem
1185 3637 1357 3715 iactassent

328 3737 491 3809 tamquam
517 3728 657 3813 hospites
684 3739 716 3793 et
741 3730 859 3794 amicos
883 3731 1008 3807 Persei,
1037 3732 1093 3795 sed
1120 3732 1219 3795 multo
1246 3732 1355 3814 plures

329 3820 407 3883 alios
430 3845 470 3885 ex
493 3823 616 3885 occulto
639 3822 757 3888 favisse
783 3825 867 3909 regi,
894 3825 949 3907 qui
971 3846 1028 3907 per
1052 3827 1190 3909 speeiem
1218 3821 1356 3888 tuendae

317 3912 485 3978 „libertatis
503 3915 536 3978 in
556 3916 696 3979 conciliis
715 3918 867 3983 adversus
885 3919 1046 3983 Romanos
1065 3920 1172 3983 omnia
1190 3917 1357 3982 instruxis-

295 4023 311 4071 8
330 4015 414 4081 sent,
440 4031 499 4072 nec
524 4010 613 4074 aliter
636 4033 689 4074 eas
712 4033 878 4076 mansuras
901 4010 935 4073 in
957 4010 1019 4074 fide
1037 4024 1149 4096 gentes
1166 4012 1228 4076 nisi
1246 4010 1356 4075 fractis

329 4096 441 4161 animis
451 4104 588 4183 partium
597 4104 1041 4187 alereturconfirmareturque
1051 4109 1222 4172 auotoritas
1233 4130 1355 4181 eorum,

294 4191 385 4277 aqui
406 4192 485 4260 nihil
507 4210 633 4281 praeter
652 4200 820 4285 imperium
837 4200 1056 4267 Romanorum
1078 4212 1268 4286 spectarent.
1314 4199 1356 4264 ab
