3384 4975
466 491 583 547 nnus
599 490 758 559 xxxxu,
778 491 802 544 1.
815 489 841 543 a.
860 487 1011 555 [aaut.
1023 490 1086 558 173]
1171 490 1179 498 ”
1249 477 1292 544 29

265 650 352 716 cives
364 659 403 719 ,et
419 649 619 733 peregrinos,
637 648 678 710 N.
696 646 818 709 Fabius
836 645 941 710 Buteo
960 647 1151 730 Hispaniam
1168 647 1294 712 citerio-
1334 717 1337 721 ,

265 766 349 820 rem,
367 741 406 807 C.
425 743 590 806 Matienus
608 739 804 815 ulteriorem,
822 738 871 802 M.
890 738 1007 802 Furius
1027 738 1192 826 Crassipes
1210 740 1293 807 Sici-

264 837 365 914 liam,
384 833 424 902 C.
443 833 608 899 Cicereius
632 831 823 897 Sardiniam.
877 834 1062 916 priusquam
1090 835 1292 920 magistratus
1311 855 1327 904 6

265 929 557 1014 proficiscerentur,
571 925 695 988 senatui
713 925 842 1008 placuit,
860 923 901 988 L.
916 925 1117 990 Postumium
1132 929 1294 993 consulem

266 1023 310 1086 ad
324 1043 439 1104 agrum
452 1019 617 1102 publicum
626 1041 646 1082 a
659 1018 783 1102 privato
798 1019 1032 1082 terminandum
1043 1021 1075 1083 in
1085 1019 1295 1105 Campaniam

267 1115 314 1177 ire
320 1160 330 1190 ,
348 1112 439 1177 cuius
460 1112 623 1196 ingentem
643 1111 776 1175 modum
798 1113 960 1196 possidere
984 1113 1125 1197 privatos
1143 1116 1295 1198 paulatim

268 1206 459 1292 proferendo
477 1206 555 1269 fines
574 1204 748 1269 constabat.
775 1205 828 1271 hic
844 1205 944 1270 iratus
953 1205 1180 1282 Praenestinis,
1198 1208 1295 1288 quod,
1314 1229 1329 1276 r

270 1323 343 1364 cum
370 1321 408 1364 eo
433 1298 576 1384 privatus
603 1299 738 1363 sacrifici
763 1300 797 1364 in
823 1300 942 1384 templo
964 1300 1128 1364 Fortunae
1154 1299 1297 1364 faciundi

267 1415 366 1459 causa
381 1393 543 1478 profectus
558 1404 651 1470 esset,
668 1392 747 1457 nihil
760 1393 795 1457 in
807 1416 842 1458 se
859 1394 1031 1458 honorifice
1047 1415 1150 1476 neque
1168 1394 1296 1478 publice

267 1509 372 1569 neque
393 1487 542 1570 privatim
563 1487 686 1552 factum
709 1511 729 1552 a
749 1487 966 1552 Praenestinis
984 1499 1081 1564 esset,
1108 1490 1296 1573 priusquam

268 1581 310 1645 ab
328 1581 432 1645 Roma
448 1581 715 1667 proficisceretur,
741 1583 862 1647 litteras
869 1580 1045 1649 Praeneste
1055 1583 1155 1660 misit,
1182 1595 1219 1647 ut
1235 1583 1297 1647 sibi

267 1674 471 1759 magistratus
490 1675 618 1741 obviam
636 1677 772 1754 exirent,
789 1677 897 1742 locum
914 1677 1042 1761 publice
1059 1689 1219 1765 pararent,
1238 1677 1296 1742 ubi

268 1769 492 1866 deverteretur,
510 1770 724 1854 iumentaque,
738 1793 811 1836 cum
820 1770 921 1835 exiret
934 1765 1018 1846 inde,
1037 1782 1164 1855 praesto
1179 1782 1294 1836 essent.

268 1874 341 1929 ante
367 1864 453 1928 bunc
476 1865 640 1930 consulem
661 1887 755 1930 nemo
773 1887 928 1947 umquam
950 1865 1043 1928 sociis
1066 1867 1132 1930 ulla
1154 1889 1188 1930 re
1207 1866 1295 1931 oneri
1313 1885 1328 1931 8

267 1969 323 2021 aut
341 1958 482 2041 sumptui
498 1958 569 2022 fuit.
595 1959 667 2023 ideo
684 1958 888 2044 magistratus
906 1959 1001 2023 mulis
1018 1958 1295 2041 tabernaculisque
1314 1980 1327 2024 a

269 2063 302 2117 et
328 2050 417 2115 omni
443 2051 504 2113 alio
531 2051 740 2116 instrumento
768 2053 898 2115 militari
920 2053 1128 2130 ornabantur,
1152 2076 1193 2117 ne
1219 2053 1297 2135 quid

268 2145 332 2208 tale
358 2145 555 2228 imperarent
580 2145 683 2209 sociis.
734 2146 860 2229 privata
890 2145 1027 2230 hospitia
1052 2146 1228 2222 habebant3
1255 2169 1294 2210 ea
1315 2165 1346 2210 ro

269 2239 407 2323 benigne
430 2238 627 2320 comiterque
650 2238 811 2315 colebant,
839 2239 1016 2321 domusque
1039 2260 1150 2303 eorum
1172 2239 1296 2303 Romae
1406 2295 1409 2298 .
1437 2244 1442 2252 ’

268 2333 446 2418 hospitibus
473 2331 641 2418 patebant,
667 2344 746 2418 aput
767 2355 846 2416 quos
868 2334 945 2418 ipsis
968 2333 1089 2399 deverti
1111 2355 1180 2398 mos
1203 2344 1295 2398 esset.

268 2427 380 2513 legati,
407 2426 463 2509 qui
483 2438 614 2511 repente
639 2428 745 2512 aliquo
766 2428 980 2505 mitterentur,
1007 2428 1133 2514 singula
1154 2428 1295 2491 iumenta
1315 2445 1346 2492 11
1418 2420 1421 2425 ’

269 2543 328 2606 per
350 2521 467 2604 oppida
491 2521 552 2585 iter
574 2544 639 2604 qua
664 2523 850 2586 faciundum
874 2534 941 2587 erat
962 2522 1176 2606 imperabant3
1201 2522 1296 2584 aliam

269 2618 436 2701 inpensam
463 2616 540 2679 socii
566 2616 600 2679 in
622 2616 826 2700 magistratus
844 2618 1008 2681 Romanos
1035 2640 1099 2680 non
1125 2616 1295 2679 faciebant.

269 2711 318 2775 ira
336 2709 489 2785 consulis,
513 2709 638 2774 etiamsi
655 2710 755 2785 iusta,
776 2732 841 2773 non
859 2710 1017 2773 tamenin
1035 2710 1223 2793 magistratu
1240 2730 1296 2772 ex·
1317 2725 1348 2771 12

270 2803 421 2880 eruenda,
448 2814 481 2868 et
502 2803 662 2868 silentium
683 2802 776 2866 nimis
800 2814 856 2868 aut
877 2804 1058 2868 modestum
1077 2813 1133 2867 aut
1150 2802 1296 2867 timidum

270 2898 552 2962 Praenestinorum
565 2898 625 2975 ius,
644 2898 731 2962 velut
744 2898 878 2983 probato
888 2898 1043 2982 exempla
1058 2898 1296 2983 magistratibus

270 2990 346 3056 fecit
362 2990 547 3077 graviorum
563 2992 598 3055 in
616 2992 683 3057 dies
701 2993 772 3057 talis
790 2992 916 3077 generis
933 2992 1149 3076 imperiorum.

334 3086 380 3150 H.
405 3086 569 3171 Principio
591 3086 686 3151 huius
710 3088 787 3151 anni
808 3084 919 3171 legati,
947 3086 1003 3169 qui
1025 3086 1059 3151 in
1079 3087 1243 3152 Aetoliam
1264 3098 1296 3151 et
1316 3104 1329 3149 1

270 3180 496 3245 Macedoniam
517 3181 607 3245 missi
629 3192 733 3258 erant,
751 3182 985 3258 renuntiarunt,
1008 3181 1069 3246 sibi
1088 3183 1297 3249 conveniendi

270 3275 354 3360 regis
364 3274 485 3352 Persei,
504 3297 578 3340 cum
596 3277 651 3340 alii
667 3277 779 3341 abesse
797 3299 881 3352 eum,
900 3275 954 3340 alii
968 3299 1102 3359 aegrum
1117 3300 1197 3353 esse,
1215 3277 1296 3339 falso

270 3380 451 3451 utrumque,
465 3370 632 3455 fingerent,
645 3382 835 3454 potestatem
851 3394 916 3435 non
930 3371 1063 3435 factam:
1082 3370 1176 3437 facile
1190 3382 1298 3434 tamen
1316 3381 1331 3427 2

271 3463 457 3547 apparuisse
474 3464 545 3539 sibi,
563 3463 684 3527 bellum
699 3466 805 3548 parari
821 3486 883 3529 nec
900 3465 984 3528 ultra
998 3465 1039 3527 ad
1057 3486 1146 3528 arma
1158 3465 1205 3527 ire
1219 3463 1298 3524 dila-

271 3569 389 3619 turum.
415 3554 492 3616 item
509 3556 680 3619 inAetolia
698 3557 886 3620 seditionem
902 3557 1036 3639 gliscere
1050 3555 1084 3617 in
1098 3556 1176 3631 dies,
1194 3574 1298 3634 neque

272 3645 504 3711 discordiarum
526 3647 683 3729 principes
703 3648 891 3711 auctoritate
909 3669 969 3712 sua
987 3647 1125 3712 coerceri
1146 3646 1296 3731 potuisse.

272 3761 349 3807 cum
370 3737 489 3802 beflum
506 3737 752 3802 Macedonicum
774 3739 808 3803 in
830 3740 1049 3824 expectatione
1071 3751 1168 3817 esset,
1195 3739 1298 3825 prius·
1316 3752 1331 3798 3

272 3855 370 3918 quam
386 3830 421 3895 id
438 3832 666 3916 susciperetur,
692 3832 839 3917 prodigia
863 3833 983 3918 expiari
1005 3856 1181 3919 pacemque
1203 3833 1298 3897 deum

222 3979 227 3984 .
272 3926 339 4013 peti
363 3924 613 4011 precationibus,
640 3924 696 4007 qui
722 3926 798 3991 editi
825 3950 866 3991 ex
879 3927 1041 3993 fatalibus
1067 3928 1155 3992 libris
1182 3939 1296 4006 essent,

273 4020 403 4107 placuit.
447 4018 577 4084 Lanuvi
603 4019 713 4084 classis
739 4043 876 4105 magnae
899 4022 1020 4107 species
1042 4022 1076 4086 in
1098 4022 1186 4088 caelo
1208 4022 1333 4087 visaes

273 4114 462 4180 dicebantur
476 4124 508 4179 et
515 4114 664 4181 Priverni
680 4116 755 4179 lana
767 4116 857 4201 pulla
871 4127 955 4180 terra
972 4127 1065 4181 enata
1078 4128 1110 4181 et
1125 4116 1159 4182 in
1168 4116 1297 4184 Veienti

274 4218 352 4293 aput
368 4208 556 4276 Rementem
577 4209 769 4295 lapidatum,
787 4208 995 4295 Pomptinum
1012 4231 1105 4277 omne
1127 4212 1216 4278 velut
1236 4236 1297 4275 nu-
