3384 4975
415 509 483 576 162
651 515 770 572 LIBER
787 513 930 570 XXXXV
937 555 944 585 ,
962 514 1004 569 13.
1025 515 1062 582 [a.
1072 530 1099 567 u.
1111 531 1134 569 e.
1144 515 1208 584 586]

378 705 401 752 ‘4
419 680 497 767 quid
509 678 701 764 imperatum
715 674 807 752 foret,
817 673 1000 739 adiuturum
1015 695 1125 758 regem
1138 672 1246 739 fuisse.
1269 672 1453 744 Ptolemaei

417 774 516 861 legati
525 770 686 838 communi
694 769 822 834 nomine
831 769 917 854 regis
927 778 957 832 et
967 765 1158 852 Cleopatrae
1167 768 1286 851 gratias
1297 783 1450 854 egerunt:

384 892 400 939 5
418 871 491 955 plus
501 888 555 932 eos
571 863 695 931 senatui
708 863 892 948 populoque
901 862 1048 926 Romano
1058 883 1155 944 quam
1168 863 1355 945 parentibus
1372 867 1450 943 suis,

416 964 605 1049 plusquam
622 958 682 1024 diis
704 956 936 1021 immortalibus
955 956 1085 1030 debere,
1109 977 1166 1039 per
1184 977 1263 1039 quos
1282 957 1451 1026 obsidione

417 1056 595 1120 miserrima
608 1052 733 1118 liberati
743 1060 859 1127 essent,
877 1071 1013 1134 regnum
1026 1048 1166 1133 patrium
1179 1071 1280 1134 prope
1294 1052 1449 1117 amissum

385 1174 399 1222 a
420 1149 638 1238 [recepissent.
665 1141 869 1232 responsum]
883 1144 924 1209 ab
942 1154 1054 1208 senatu
1069 1154 1126 1219 est,
1145 1142 1344 1209 Antiochum
1361 1159 1449 1212 recte

419 1256 516 1328 atque
534 1243 645 1308 ordine
663 1241 791 1316 fecisse,
818 1239 905 1322 quod
923 1238 1036 1322 legatis
1054 1238 1227 1322 paruisset,
1254 1250 1450 1325 gratumque

385 1339 453 1407 rid
479 1361 550 1404 esse
581 1334 704 1401 senatui
730 1333 913 1419 populoque
940 1332 1102 1409 Roman03
1132 1333 1263 1418 regibus
1291 1334 1449 1420 Aegypti,

416 1432 605 1499 Ptolemaeo
624 1427 894 1514 Cleopatraeque,
913 1427 940 1491 si
957 1426 1035 1510 quid
1052 1450 1110 1512 per
1128 1451 1161 1493 se
1179 1428 1256 1492 boni
1274 1430 1448 1493 commodi-

417 1549 481 1612 que
497 1525 663 1599 evenisset,
678 1523 711 1587 id
730 1543 924 1607 magnopere
938 1532 1083 1586 senatum
1096 1522 1215 1599 laetari,
1234 1524 1450 1607 datummque

417 1642 562 1706 operam,
581 1629 617 1682 ut
634 1616 726 1702 regni
744 1616 794 1680 sui
812 1615 988 1679 maximum
1006 1637 1131 1702 semper
1148 1617 1343 1702 praesidium
1361 1619 1446 1703 posi-

383 1736 399 1782 8
418 1725 487 1779 tum
505 1735 574 1777 esse
591 1712 626 1775 in
643 1711 706 1776 fida
724 1711 834 1796 populi
853 1710 990 1775 Romani
1008 1709 1135 1774 ducant.
1178 1733 1313 1778 munera
1331 1712 1444 1797 legatis

417 1819 454 1873 ut
473 1830 513 1871 ex
529 1807 673 1873 instituto
686 1805 841 1870 mittenda
857 1816 992 1882 curaret,
1008 1799 1047 1869 O.
1057 1804 1186 1890 Papirio
1200 1807 1338 1890 praetori
1356 1830 1450 1870 man·

300 1963 302 1967 .
383 1921 398 1967 o
418 1903 538 1967 datum.
566 1901 689 1964 litterae
705 1899 820 1964 deinde
832 1896 878 1984 [e]
890 1898 1083 1964 Macedonia
1100 1900 1224 1976 allatae,
1244 1920 1327 1982 quae
1345 1900 1445 1965 victo·

416 1996 483 2060 riae
508 1994 661 2059 laetitiam
688 1991 906 2078 geminarunt,
928 1993 1049 2058 Persea
1070 2015 1179 2077 regem
1200 1992 1234 2056 in
1256 2004 1445 2078 potestatem

418 2088 558 2154 consulis
576 2087 713 2152 venisse.

367 2201 400 2248 ro
482 2182 632 2246 Dimissis
658 2180 773 2267 legatis
800 2181 1012 2266 disceptatum
1042 2180 1125 2245 inter
1150 2179 1287 2245 Pisanos
1313 2181 1451 2246 Lunen·

419 2299 535 2359 sesque
561 2277 700 2361 legatos,
728 2274 857 2339 Pisanis
883 2275 1088 2358 querentibus
1116 2297 1195 2359 agro
1222 2298 1256 2340 se
1279 2298 1298 2338 a
1324 2276 1446 2339 colonis

416 2371 571 2435 Romanis
600 2369 689 2454 pelli,
712 2368 920 2434 Lunensibus
947 2369 1187 2433 adfirmantibus
1215 2391 1288 2434 eum
1315 2368 1354 2432 de
1380 2389 1446 2452 quo

368 2483 398 2530 11
418 2474 533 2551 agatur
549 2463 591 2528 ab
605 2463 777 2528 triumviris
792 2484 906 2549 agrum
920 2462 979 2527 sibi
994 2462 1196 2548 adsignatum
1210 2485 1289 2529 esse.
1315 2473 1446 2527 senatus

418 2560 474 2643 qui
496 2558 537 2623 de
559 2558 677 2621 finibus
701 2568 928 2642 cognoscerent
954 2568 1191 2640 statuerentque
1218 2557 1445 2641 quinqueviros

417 2654 518 2727 misit,
541 2651 584 2733 Q.
602 2652 742 2716 Fabium
763 2653 958 2728 Buteonem,
982 2651 1021 2715 P.
1042 2650 1227 2717 Cornelium
1249 2651 1444 2727 Blasionem,

416 2748 457 2813 Τ.
474 2747 701 2833 Sempronium
715 2748 880 2823 Muscam,
899 2748 940 2811 L.
954 2748 1114 2813 Naevium
1127 2749 1277 2824 Balbum,
1298 2746 1337 2813 C.
1352 2749 1447 2834 Apu·

416 2843 516 2907 leium
535 2841 754 2907 Saturninum.
916 2903 919 2908 ,

366 2951 400 2999 12
483 2934 529 2999 Et
546 2936 587 2999 ab
600 2936 746 3001 Eumene
765 2946 796 3001 et
814 2935 855 2999 ab
870 2935 982 3000 Attalo
1001 2947 1032 3001 et
1050 2936 1090 3001 ab
1105 2935 1274 3002 Athenaeo
1293 2937 1448 3003 fratribus

418 3030 596 3094 communis
614 3029 732 3115 legatio
750 3030 792 3093 de
809 3029 943 3093 victoria
960 3031 1156 3115 gratulatum
1173 3033 1270 3095 venit.
1306 3042 1339 3096 et
1354 3032 1448 3095 Mas-

417 3124 521 3209 gabae
531 3125 615 3210 regis
625 3124 818 3191 Masinissae
830 3124 906 3201 filio,
917 3124 1062 3190 Puteolis
1071 3148 1152 3190 nave
1161 3147 1301 3211 egresso,
1319 3136 1449 3210 praesto

418 3217 479 3281 fuit
494 3218 622 3283 obviam
640 3219 756 3283 missus
770 3239 844 3282 oum
857 3220 993 3303 pecunia
1001 3220 1043 3283 L.
1052 3219 1194 3285 Manlius
1212 3231 1373 3303 quaestor,
1392 3219 1448 3301 qui

365 3329 398 3375 13
416 3310 555 3376 Romam
573 3335 648 3378 eum
669 3312 798 3398 publico
821 3323 929 3378 sumtu
951 3315 1148 3398 perduceret.
1192 3314 1374 3378 advenienti
1393 3336 1451 3378 ex-

416 3409 538 3494 templo
557 3417 685 3472 senatus
708 3407 800 3471 datus
819 3418 878 3472 est.
917 3405 989 3493 [ibi]
1008 3409 1036 3473 is
1054 3408 1240 3473 adulescens
1258 3408 1303 3473 ita
1319 3407 1447 3471 locutus

417 3512 480 3579 est,
506 3512 543 3565 ut
565 3523 648 3585 quae
670 3500 766 3565 rebus
789 3512 882 3586 grata
900 3514 1004 3580 erant,
1030 3502 1170 3590 gratiora
1187 3502 1292 3568 verbis
1315 3500 1446 3565 faceret.

417 3595 687 3673 commemoravit,
705 3605 784 3679 quot
801 3595 925 3682 pedites
941 3598 1136 3683 equitesque,
1155 3607 1235 3681 quot
1249 3596 1448 3681 elephantos,

417 3699 573 3771 quantum
594 3689 746 3755 frumenti
769 3713 807 3756 eo
830 3692 1038 3775 quad1ieunio
1056 3696 1152 3778 'pater
1177 3712 1255 3755 suus
1279 3690 1313 3754 in
1335 3689 1451 3753 Mace·

366 3801 399 3848 14
418 3783 547 3847 doniam
563 3782 715 3856 misisset:
744 3784 824 3849 duas
841 3808 893 3851 res
912 3787 942 3852 ei
959 3786 1068 3850 rubori
1085 3786 1199 3870 fuisse,
1222 3807 1335 3861 unam,
1354 3781 1449 3867 quod

416 3887 562 3961 rogasset
585 3898 659 3942 eum
681 3900 739 3963 per
761 3879 884 3963 legatos
908 3889 1035 3946 senatus
1057 3900 1139 3962 quae
1163 3879 1205 3943 ad
1226 3879 1348 3943 bellum
1366 3898 1448 3962 opus

417 3981 523 4034 essent
541 3981 573 4036 et
589 3992 654 4036 non
671 3972 862 4058 inperasset,
880 3974 1027 4047 alteram,
1046 3974 1133 4055 quod
1150 3959 1322 4059 pecuniam
1341 3972 1371 4037 ei
1388 3991 1448 4057 pro

366 4076 398 4123 15
417 4056 578 4128 frumento
594 4065 748 4131 misisset.-
768 4065 976 4132 Masinissam
994 4067 1174 4133 meminisse
1196 4090 1335 4154 regnum
1353 4089 1373 4131 a
1389 4086 1450 4151 po·

417 4150 494 4235 pulo
504 4153 651 4223 Romano
663 4171 790 4245 partum
804 4172 998 4243 auctumque
1011 4169 1044 4223 et
1057 4161 1304 4247 multiplicatum
1317 4160 1451 4235 habere,

415 4265 478 4311 usu
499 4250 593 4333 regui
615 4265 798 4322 contentum
821 4256 917 4335 scire,
941 4253 1117 4322 dominium
1134 4268 1167 4323 et
1189 4255 1239 4323 ius
1262 4279 1373 4324 eorum
1392 4253 1449 4338 qui
