3384 4975
518 534 636 590 nmen
652 531 841 601 xxxxrnr,
861 532 885 586 a.
900 531 925 585 e.
945 531 1097 600 [soree]
1260 502 1322 582 115

298 706 331 761 et
353 717 450 781 supra
470 715 567 779 rupes
589 689 728 776 ingentis
750 687 894 773 gurgites
912 686 989 753 facit
1006 699 1038 752 et
1058 688 1142 753 infra
1159 699 1321 774 prorutam

297 791 436 857 inrmare
453 784 629 853 evolvendo
647 794 764 848 terram
785 783 942 868 praealtas
961 784 1129 867 voragines
1148 794 1322 868 cavatoque

297 884 403 950 medio
421 885 513 946 alveo
530 881 615 965 ripas
636 877 797 960 utrimque
814 877 1004 963 praecipitis.
1039 878 1100 942 hoo
1118 879 1247 944 flumine
1266 881 1322 944 ob-.
1341 900 1355 944 r

299 988 445 1062 saeptum
471 975 532 1041 iter
557 973 656 1037 hostis
684 971 815 1036 credens
842 971 1008 1036 extrahere
1038 971 1170 1036 relicum
1197 983 1321 1058 tempus

299 1071 427 1135 aestatis
445 1069 478 1133 in
496 1068 602 1132 animo
620 1066 767 1131 habebat.

362 1163 452 1227 Inter
469 1162 547 1226 haec
566 1162 676 1225 consul
694 1157 821 1224 aPhila
834 1157 1010 1243 Popillium
1029 1180 1101 1223 curn
1120 1159 1246 1222 duobus
1263 1159 1323 1222 mi-
1340 1179 1356 1226 8

298 1257 381 1320 libus
397 1266 589 1320 armatorum
598 1253 793 1318 Heracleum
807 1252 912 1316 mittit.
941 1252 1032 1317 abest
1046 1253 1169 1317 aPhila
1182 1252 1323 1337 quinque
1343 1274 1357 1321 9

296 1348 384 1413 milia
401 1349 501 1414 ferme
518 1372 681 1435 passuum,
699 1348 806 1413 media
823 1347 953 1433 regione
971 1347 1053 1412 inter
1069 1347 1170 1412 Dium
1185 1348 1323 1435 Tempe-

297 1465 371 1527 que,
389 1443 423 1507 in
439 1466 520 1529 rupe
538 1442 623 1506 amni
640 1443 814 1507 inminente
832 1441 981 1526 positum.

360 1537 474 1604 VIIII.
501 1537 657 1623 Popillius
672 1536 858 1623 priusquam
869 1547 1007 1600 armatos
1020 1533 1119 1599 muris
1129 1535 1321 1613 admoveret,
1343 1557 1355 1602 1
1424 1576 1426 1583 ι

295 1631 380 1696 misit
399 1631 454 1715 qui
474 1630 714 1716 magistratibus
734 1628 995 1716 principibusque
1014 1629 1199 1708 suaderent,
1226 1629 1323 1694 fidem

284 1726 559 1809 'clementiamque
576 1725 794 1790 Romanonrm
817 1745 914 1806 quam
936 1724 1001 1787 vim
1024 1723 1160 1809 experiri
1181 1724 1320 1789 mallent.

295 1821 374 1885 nihil
392 1844 430 1886 ea
445 1820 576 1886 consilia
590 1830 768 1896 moverunt,
787 1819 863 1902 quia
875 1817 966 1904 ignes
981 1817 1023 1882 ad
1032 1817 1171 1903 Elpeum
1185 1842 1224 1884 ex
1237 1819 1321 1904 regis
1341 1839 1355 1885 2

296 1914 406 1978 castris
430 1913 635 1998 apparebant.
679 1923 749 1976 tum
765 1922 849 1976 terra
866 1911 1011 1995 marique
1028 1947 1071 1958 -
1089 1923 1121 1976 et
1139 1911 1247 1976 classis
1266 1912 1322 1976 ad-

295 2007 388 2092 pulsa
406 2007 447 2072 ab
464 2006 555 2071 litore
573 2005 833 2070 stabat—simul
853 2004 958 2079 armis,
978 2004 1072 2068 simul
1090 2006 1238 2089 operibus
1255 2028 1323 2071 ma·

296 2101 461 2185 chinisque
470 2101 649 2186 oppugnari
658 2100 771 2186 coepti.
798 2100 930 2165 iuvenes
940 2100 1036 2164 etiam
1045 2102 1175 2184 quidam
1185 2101 1322 2166 Romani
1340 2121 1355 2165 3

295 2194 419 2260 ludicro
438 2194 571 2260 circensi
588 2196 629 2258 ad
653 2214 748 2258 usum
770 2193 846 2258 belli
863 2215 955 2258 verso
973 2204 1095 2278 partem
1112 2193 1322 2258 humillimam

295 2288 378 2352 muri
404 2300 566 2374 ceperunt.
610 2311 680 2353 mos
707 2298 775 2353 erat
801 2298 886 2365 tum,
912 2287 1053 2352 nondum
1080 2288 1141 2352 hac
1168 2287 1357 2355 effusione4

294 2383 425 2447 inducta
446 2382 545 2447 bestie
563 2381 705 2447 omnium
727 2381 872 2468 gentium
889 2381 1008 2447 circum
1026 2382 1211 2468 conplendi,
1233 2382 1322 2447 varia

296 2478 549 2562 spectaculorum
570 2478 758 2562 conquirere
779 2501 912 2564 genera;
934 2501 1010 2542 nam
1028 2477 1125 2543 semel
1148 2477 1321 2564 quadrigis,

296 2571 394 2635 semel
412 2571 571 2635 desultore
588 2572 683 2635 misso
701 2574 756 2635 vix
778 2573 873 2636 unius
891 2572 988 2637 horae
1006 2583 1132 2657 tempus
1149 2584 1321 2655 utrumque

296 2664 488 2729 curriculum
498 2665 675 2750 conplebat.
702 2665 785 2730 inter
794 2676 899 2731 cetera
909 2666 1060 2751 sexageni
1069 2664 1169 2730 ferme
1178 2665 1320 2744 iuvenes,
1339 2682 1354 2730 5

295 2758 456 2822 interdum
465 2758 572 2842 plures
583 2759 837 2845 apparatioribus
850 2759 943 2836 ludis,
954 2758 1067 2824 armati
1079 2757 1322 2825 inducebantur.

295 2852 408 2917 horum
422 2852 563 2917 inductio
578 2876 618 2918 ex
631 2864 722 2939 parte
735 2853 939 2918 simulacrum
954 2852 1149 2919 decurrentis
1165 2854 1322 2920 exercitus

296 2956 373 3023 erat,
393 2970 433 3011 ex
447 2957 536 3032 parte
551 2947 753 3033 elegantioris
762 2946 949 3033 (exercitus)
964 2968 1062 3031 quam
1075 2947 1219 3013 militaris
1234 2948 1321 3026 artis,

294 3042 486 3127 propiorque
507 3043 732 3128 gladiatorium
750 3066 911 3108 armorum
928 3066 1033 3109 usum.
1079 3067 1152 3109 cum
1170 3044 1249 3109 alios
1267 3044 1322 3110 de·
1340 3059 1354 3105 e

296 3158 392 3200 cursu
419 3136 590 3202 edidissent
616 3149 736 3215 motus,
763 3138 919 3222 quadrato
941 3138 1069 3225 agmine
1095 3138 1197 3216 facto,
1224 3139 1322 3204 scutis

296 3253 391 3315 super
408 3230 512 3316 capita
527 3230 676 3309 densatis,
695 3232 851 3298 stantibus
870 3233 991 3317 primis,
1009 3232 1157 3297 secundis
1175 3233 1323 3296 summis·

295 3324 446 3401 sioribus,
474 3328 561 3390 tertis
583 3325 686 3410 magis
709 3337 741 3391 et
763 3325 901 3409 quart-is,
927 3324 1095 3411 postremis
1119 3324 1214 3390 etiam
1236 3347 1322 3409 genu

294 3417 387 3493 nixis,
405 3417 599 3503 fastigatam,
614 3418 695 3482 sicut
710 3429 796 3483 tecta
805 3417 1021 3482 aedificiorum
1031 3427 1114 3495 sunt,
1129 3417 1322 3482 testudinem

294 3509 464 3573 faciebant.
491 3509 565 3572 hinc
574 3510 808 3594 quinquaginta
819 3510 921 3574 ferme
935 3511 1054 3594 pedum
1065 3510 1167 3594 spatio
1178 3509 1321 3573 distantis
1341 3524 1354 3568 7

296 3601 360 3665 duo
379 3602 491 3664 armati
508 3601 737 3686 procurrebant
754 3602 1000 3685 comminatique
1022 3602 1105 3665 inter
1127 3624 1176 3678 se,
1200 3602 1241 3664 ab
1258 3602 1322 3665 ima

295 3694 329 3759 in
347 3716 505 3758 summam
523 3694 714 3759 testudinem
730 3718 788 3780 per
802 3695 934 3760 densata
948 3705 1038 3759 scuta
1052 3716 1124 3759 eum
1139 3695 1321 3773 evasissent,

294 3809 381 3855 nunc
402 3788 490 3852 velut
514 3798 752 3874 propugnantes
775 3811 832 3874 per
858 3810 929 3853 oras
957 3799 1117 3854 extremae
1144 3788 1321 3867 testudinis,

294 3881 431 3946 nuncin
453 3881 558 3947 media
579 3882 662 3947 inter
684 3905 718 3947 se
741 3893 977 3961 concurrentes,
1005 3882 1092 3947 haud
1115 3904 1206 3947 secus
1224 3905 1320 3967 quam

295 3974 400 4039 stabili
418 3975 485 4040 solo
502 3977 731 4061 persultabant.
759 3976 833 4042 huic
852 3978 977 4044 testudo
996 3975 1106 4041 similis
1124 3976 1319 4043 humillimae
1337 3993 1352 4040 8

295 4068 378 4155 parti
403 4069 486 4134 muri
508 4070 637 4135 admota
659 4092 732 4135 oum
754 4072 869 4137 armati
892 4094 988 4157 super
1009 4080 1129 4136 stantes
1151 4070 1319 4148 subissent,

294 4164 584 4251 propugnatoribus
616 4166 700 4231 muri
731 4166 859 4253 fastigio
891 4166 1065 4232 altitudinis
1091 4165 1319 4248 aequabantur,

296 4259 499 4345 depulsisque
516 4260 555 4325 iis
572 4260 606 4327 in
623 4263 736 4328 urbem
754 4262 890 4329 duorum
913 4262 1077 4350 signorum
1098 4260 1212 4327 milites
1234 4272 1320 4327 tran-

1120 4361 1155 4417 8*
