<?xml version="1.0" encoding="UTF-8"?>
<!DOCTYPE html PUBLIC "-//W3C//DTD XHTML 1.0 Transitional//EN"
    "http://www.w3.org/TR/xhtml1/DTD/xhtml1-transitional.dtd">
<html xmlns="http://www.w3.org/1999/xhtml" xml:lang="en" lang="en">
 <head>
  <title>
</title>
<meta http-equiv="Content-Type" content="text/html;charset=utf-8" />
  <meta name='ocr-system' content='tesseract 3.04.00' />
  <meta name='ocr-capabilities' content='ocr_page ocr_carea ocr_par ocr_line ocrx_word'/>
</head>
<body>
  <div class='ocr_page' id='page_1' title='image "./titiliviaburbec04livygoog_0111.png"; bbox 0 0 3384 4975; ppageno 0'>
   <div class='ocr_carea' id='block_1_1' title="bbox 517 505 1323 590">
    <p class='ocr_par' dir='ltr' id='par_1_1' title="bbox 517 505 1323 590">
     <span class='ocr_line' id='line_1_1' title="bbox 517 505 1323 590; baseline -0.005 -12"><span class='ocrx_word' id='word_1_1' title='bbox 517 522 635 578; x_wconf 79' lang='lat' dir='ltr'>menn</span> <span class='ocrx_word' id='word_1_2' title='bbox 651 521 807 590; x_wconf 74' lang='lat' dir='ltr'>mxu,</span> <span class='ocrx_word' id='word_1_3' title='bbox 825 520 925 574; x_wconf 73' lang='lat' dir='ltr'>rara</span> <span class='ocrx_word' id='word_1_4' title='bbox 945 505 1097 590; x_wconf 63' lang='lat' dir='ltr'>[eoru]</span> <span class='ocrx_word' id='word_1_5' title='bbox 1281 510 1323 575; x_wconf 82' lang='lat'>67</span> 
     </span>
    </p>
   </div>
   <div class='ocr_carea' id='block_1_2' title="bbox 266 675 1425 4141">
    <p class='ocr_par' dir='ltr' id='par_1_2' title="bbox 294 675 1425 2828">
     <span class='ocr_line' id='line_1_2' title="bbox 296 675 1356 772; baseline -0.002 -22"><span class='ocrx_word' id='word_1_6' title='bbox 296 686 383 772; x_wconf 88' lang='lat' dir='ltr'>pacis</span> <span class='ocrx_word' id='word_1_7' title='bbox 392 705 479 768; x_wconf 88' lang='lat' dir='ltr'>rege.</span> <span class='ocrx_word' id='word_1_8' title='bbox 507 681 587 745; x_wconf 91' lang='lat' dir='ltr'>adeo</span> <span class='ocrx_word' id='word_1_9' title='bbox 601 678 687 744; x_wconf 92' lang='lat' dir='ltr'>enim</span> <span class='ocrx_word' id='word_1_10' title='bbox 701 675 997 761; x_wconf 79' lang='lat' dir='ltr'>apparatibusbelli</span> <span class='ocrx_word' id='word_1_11' title='bbox 1011 675 1109 744; x_wconf 80' lang='lat' dir='ltr'>fuisse</span> <span class='ocrx_word' id='word_1_12' title='bbox 1122 678 1321 758; x_wconf 78' lang='lat' dir='ltr'>instructum,</span> <span class='ocrx_word' id='word_1_13' title='bbox 1341 704 1356 749; x_wconf 84' lang='lat'>2</span> 
     </span>
     <span class='ocr_line' id='line_1_3' title="bbox 295 769 1322 865; baseline -0.002 -21"><span class='ocrx_word' id='word_1_14' title='bbox 295 780 372 865; x_wconf 90' lang='lat' dir='ltr'>ipsis</span> <span class='ocrx_word' id='word_1_15' title='bbox 389 779 479 843; x_wconf 92' lang='lat' dir='ltr'>nulla</span> <span class='ocrx_word' id='word_1_16' title='bbox 495 785 608 861; x_wconf 88' lang='lat' dir='ltr'>parata</span> <span class='ocrx_word' id='word_1_17' title='bbox 624 794 670 848; x_wconf 86' lang='lat' dir='ltr'>rc,</span> <span class='ocrx_word' id='word_1_18' title='bbox 688 781 725 835; x_wconf 91' lang='lat' dir='ltr'>ut</span> <span class='ocrx_word' id='word_1_19' title='bbox 742 769 850 834; x_wconf 87' lang='lat' dir='ltr'>omnia</span> <span class='ocrx_word' id='word_1_20' title='bbox 868 781 1046 854; x_wconf 90' lang='lat' dir='ltr'>opportuna</span> <span class='ocrx_word' id='word_1_21' title='bbox 1062 771 1133 836; x_wconf 91' lang='lat' dir='ltr'>loca</span> <span class='ocrx_word' id='word_1_22' title='bbox 1150 795 1322 858; x_wconf 87' lang='lat' dir='ltr'>praeoccu-</span> 
     </span>
     <span class='ocr_line' id='line_1_4' title="bbox 295 863 1323 958; baseline -0.002 -21"><span class='ocrx_word' id='word_1_23' title='bbox 295 873 365 958; x_wconf 87' lang='lat' dir='ltr'>pari</span> <span class='ocrx_word' id='word_1_24' title='bbox 387 882 461 936; x_wconf 89' lang='lat' dir='ltr'>ante</span> <span class='ocrx_word' id='word_1_25' title='bbox 485 870 587 932; x_wconf 90' lang='lat' dir='ltr'>abeo</span> <span class='ocrx_word' id='word_1_26' title='bbox 613 863 774 949; x_wconf 89' lang='lat' dir='ltr'>potuerint</span> <span class='ocrx_word' id='word_1_27' title='bbox 794 884 893 947; x_wconf 89' lang='lat' dir='ltr'>quam</span> <span class='ocrx_word' id='word_1_28' title='bbox 915 863 1071 928; x_wconf 88' lang='lat' dir='ltr'>exercitus</span> <span class='ocrx_word' id='word_1_29' title='bbox 1096 865 1129 929; x_wconf 92' lang='lat' dir='ltr'>in</span> <span class='ocrx_word' id='word_1_30' title='bbox 1152 864 1323 934; x_wconf 74' lang='lat' dir='ltr'>Graeciam</span> 
     </span>
     <span class='ocr_line' id='line_1_5' title="bbox 295 956 1356 1045; baseline -0.001 -14"><span class='ocrx_word' id='word_1_31' title='bbox 295 965 492 1030; x_wconf 89' lang='lat' dir='ltr'>traiceretur.</span> <span class='ocrx_word' id='word_1_32' title='bbox 521 959 624 1045; x_wconf 89' lang='lat' dir='ltr'>spatio</span> <span class='ocrx_word' id='word_1_33' title='bbox 641 968 749 1022; x_wconf 93' lang='lat' dir='ltr'>autem</span> <span class='ocrx_word' id='word_1_34' title='bbox 765 956 962 1021; x_wconf 85' lang='lat' dir='ltr'>indutiarum</span> <span class='ocrx_word' id='word_1_35' title='bbox 980 969 1107 1041; x_wconf 91' lang='lat' dir='ltr'>sumpto</span> <span class='ocrx_word' id='word_1_36' title='bbox 1125 957 1196 1045; x_wconf 85' lang='lat' dir='ltr'>[ad]</span> <span class='ocrx_word' id='word_1_37' title='bbox 1211 984 1323 1027; x_wconf 88' lang='lat' dir='ltr'>aecum</span> <span class='ocrx_word' id='word_1_38' title='bbox 1341 985 1356 1031; x_wconf 87' lang='lat'><strong>3</strong></span> 
     </span>
     <span class='ocr_line' id='line_1_6' title="bbox 298 1050 1323 1144; baseline -0.003 -22"><span class='ocrx_word' id='word_1_39' title='bbox 298 1056 397 1144; x_wconf 87' lang='lat' dir='ltr'>[rem]</span> <span class='ocrx_word' id='word_1_40' title='bbox 408 1067 589 1122; x_wconf 84' lang='lat' dir='ltr'>venturam:</span> <span class='ocrx_word' id='word_1_41' title='bbox 606 1054 697 1117; x_wconf 87' lang='lat' dir='ltr'>illurn</span> <span class='ocrx_word' id='word_1_42' title='bbox 714 1051 812 1115; x_wconf 89' lang='lat' dir='ltr'>nihilo</span> <span class='ocrx_word' id='word_1_43' title='bbox 826 1051 1029 1136; x_wconf 86' lang='lat' dir='ltr'>paratiorem,</span> <span class='ocrx_word' id='word_1_44' title='bbox 1047 1050 1208 1118; x_wconf 86' lang='lat' dir='ltr'>Romanos</span> <span class='ocrx_word' id='word_1_45' title='bbox 1223 1057 1323 1122; x_wconf 91' lang='lat' dir='ltr'>omni-</span> 
     </span>
     <span class='ocr_line' id='line_1_7' title="bbox 299 1145 1323 1229; baseline -0.003 -13"><span class='ocrx_word' id='word_1_46' title='bbox 299 1153 360 1216; x_wconf 92' lang='lat' dir='ltr'>bus</span> <span class='ocrx_word' id='word_1_47' title='bbox 386 1149 599 1214; x_wconf 79' lang='lat' dir='ltr'>instructiores</span> <span class='ocrx_word' id='word_1_48' title='bbox 626 1146 723 1210; x_wconf 90' lang='lat' dir='ltr'>rebus</span> <span class='ocrx_word' id='word_1_49' title='bbox 750 1159 919 1229; x_wconf 81' lang='lat' dir='ltr'>coepturos</span> <span class='ocrx_word' id='word_1_50' title='bbox 945 1145 1075 1210; x_wconf 91' lang='lat' dir='ltr'>bellum.</span> <span class='ocrx_word' id='word_1_51' title='bbox 1128 1146 1323 1213; x_wconf 85' lang='lat' dir='ltr'>Boeotorum</span> 
     </span>
     <span class='ocr_line' id='line_1_8' title="bbox 299 1239 1323 1331; baseline -0.004 -22"><span class='ocrx_word' id='word_1_52' title='bbox 299 1266 425 1331; x_wconf 89' lang='lat' dir='ltr'>quoque</span> <span class='ocrx_word' id='word_1_53' title='bbox 443 1265 479 1307; x_wconf 88' lang='lat' dir='ltr'>sc</span> <span class='ocrx_word' id='word_1_54' title='bbox 492 1240 660 1306; x_wconf 92' lang='lat' dir='ltr'>concilium</span> <span class='ocrx_word' id='word_1_55' title='bbox 674 1250 741 1304; x_wconf 88' lang='lat' dir='ltr'>arte</span> <span class='ocrx_word' id='word_1_56' title='bbox 755 1239 948 1317; x_wconf 84' lang='lat' dir='ltr'>distraxisse,</span> <span class='ocrx_word' id='word_1_57' title='bbox 965 1263 1007 1305; x_wconf 91' lang='lat' dir='ltr'>nc</span> <span class='ocrx_word' id='word_1_58' title='bbox 1023 1240 1175 1327; x_wconf 88' lang='lat' dir='ltr'>coniungi</span> <span class='ocrx_word' id='word_1_59' title='bbox 1188 1242 1323 1327; x_wconf 87' lang='lat' dir='ltr'>amplius</span> 
     </span>
     <span class='ocr_line' id='line_1_9' title="bbox 297 1334 1358 1418; baseline -0.002 -16"><span class='ocrx_word' id='word_1_60' title='bbox 297 1339 362 1403; x_wconf 90' lang='lat' dir='ltr'>ullo</span> <span class='ocrx_word' id='word_1_61' title='bbox 389 1359 546 1402; x_wconf 89' lang='lat' dir='ltr'>consensu</span> <span class='ocrx_word' id='word_1_62' title='bbox 571 1334 805 1400; x_wconf 85' lang='lat' dir='ltr'>Macedonibus</span> <span class='ocrx_word' id='word_1_63' title='bbox 831 1345 972 1418; x_wconf 77' lang='lat' dir='ltr'>possent</span> <span class='ocrx_word' id='word_1_64' title='bbox 1024 1337 1105 1400; x_wconf 91' lang='lat' dir='ltr'>haec</span> <span class='ocrx_word' id='word_1_65' title='bbox 1136 1347 1173 1400; x_wconf 91' lang='lat' dir='ltr'>ut</span> <span class='ocrx_word' id='word_1_66' title='bbox 1198 1359 1324 1400; x_wconf 88' lang='lat' dir='ltr'>summa</span> <span class='ocrx_word' id='word_1_67' title='bbox 1342 1361 1358 1406; x_wconf 81' lang='lat'>4</span> 
     </span>
     <span class='ocr_line' id='line_1_10' title="bbox 296 1428 1324 1515; baseline -0.002 -18"><span class='ocrx_word' id='word_1_68' title='bbox 296 1432 417 1497; x_wconf 86' lang='lat' dir='ltr'>ratione</span> <span class='ocrx_word' id='word_1_69' title='bbox 435 1441 508 1496; x_wconf 87' lang='lat' dir='ltr'>acta</span> <span class='ocrx_word' id='word_1_70' title='bbox 522 1452 642 1515; x_wconf 90' lang='lat' dir='ltr'>magna</span> <span class='ocrx_word' id='word_1_71' title='bbox 662 1451 737 1515; x_wconf 91' lang='lat' dir='ltr'>pars</span> <span class='ocrx_word' id='word_1_72' title='bbox 760 1439 889 1494; x_wconf 87' lang='lat' dir='ltr'>senatus</span> <span class='ocrx_word' id='word_1_73' title='bbox 911 1428 1123 1513; x_wconf 85' lang='lat' dir='ltr'>adprobabat3</span> <span class='ocrx_word' id='word_1_74' title='bbox 1149 1441 1273 1496; x_wconf 85' lang='lat' dir='ltr'>veteres</span> <span class='ocrx_word' id='word_1_75' title='bbox 1292 1443 1324 1495; x_wconf 90' lang='lat' dir='ltr'>et</span> 
     </span>
     <span class='ocr_line' id='line_1_11' title="bbox 296 1523 1323 1610; baseline 0 -20"><span class='ocrx_word' id='word_1_76' title='bbox 296 1525 393 1590; x_wconf 92' lang='lat' dir='ltr'>moris</span> <span class='ocrx_word' id='word_1_77' title='bbox 411 1523 535 1608; x_wconf 84' lang='lat' dir='ltr'>antiqui</span> <span class='ocrx_word' id='word_1_78' title='bbox 555 1545 711 1589; x_wconf 89' lang='lat' dir='ltr'>memores</span> <span class='ocrx_word' id='word_1_79' title='bbox 729 1523 891 1608; x_wconf 85' lang='lat' dir='ltr'>negabant</span> <span class='ocrx_word' id='word_1_80' title='bbox 914 1545 948 1587; x_wconf 89' lang='lat' dir='ltr'>se</span> <span class='ocrx_word' id='word_1_81' title='bbox 969 1523 1059 1588; x_wconf 93' lang='lat' dir='ltr'>inea</span> <span class='ocrx_word' id='word_1_82' title='bbox 1080 1525 1240 1610; x_wconf 87' lang='lat' dir='ltr'>legatione</span> <span class='ocrx_word' id='word_1_83' title='bbox 1256 1524 1323 1590; x_wconf 85' lang='lat' dir='ltr'>Ro-</span> 
     </span>
     <span class='ocr_line' id='line_1_12' title="bbox 296 1617 1375 1704; baseline 0.003 -20"><span class='ocrx_word' id='word_1_84' title='bbox 296 1641 407 1684; x_wconf 89' lang='lat' dir='ltr'>manas</span> <span class='ocrx_word' id='word_1_85' title='bbox 433 1640 607 1704; x_wconf 83' lang='lat' dir='ltr'>agnoscere</span> <span class='ocrx_word' id='word_1_86' title='bbox 634 1628 733 1683; x_wconf 84' lang='lat' dir='ltr'>artes:</span> <span class='ocrx_word' id='word_1_87' title='bbox 769 1639 834 1682; x_wconf 92' lang='lat' dir='ltr'>non</span> <span class='ocrx_word' id='word_1_88' title='bbox 859 1639 918 1702; x_wconf 93' lang='lat' dir='ltr'>per</span> <span class='ocrx_word' id='word_1_89' title='bbox 946 1617 1078 1681; x_wconf 89' lang='lat' dir='ltr'>insidias</span> <span class='ocrx_word' id='word_1_90' title='bbox 1105 1629 1137 1683; x_wconf 91' lang='lat' dir='ltr'>et</span> <span class='ocrx_word' id='word_1_91' title='bbox 1166 1629 1323 1682; x_wconf 90' lang='lat' dir='ltr'>nocturna</span> <span class='ocrx_word' id='word_1_92' title='bbox 1341 1622 1375 1688; x_wconf 69' lang='lat'>5&#39;</span> 
     </span>
     <span class='ocr_line' id='line_1_13' title="bbox 296 1710 1324 1798; baseline -0.002 -21"><span class='ocrx_word' id='word_1_93' title='bbox 296 1712 418 1798; x_wconf 90' lang='lat' dir='ltr'>proelia</span> <span class='ocrx_word' id='word_1_94' title='bbox 433 1733 494 1778; x_wconf 88' lang='lat' dir='ltr'>nec</span> <span class='ocrx_word' id='word_1_95' title='bbox 512 1713 693 1777; x_wconf 86' lang='lat' dir='ltr'>simulatam</span> <span class='ocrx_word' id='word_1_96' title='bbox 710 1710 822 1798; x_wconf 82' lang='lat' dir='ltr'>fugam</span> <span class='ocrx_word' id='word_1_97' title='bbox 839 1710 1082 1795; x_wconf 89' lang='lat' dir='ltr'>inprovisosque</span> <span class='ocrx_word' id='word_1_98' title='bbox 1100 1711 1142 1776; x_wconf 91' lang='lat' dir='ltr'>ad</span> <span class='ocrx_word' id='word_1_99' title='bbox 1158 1711 1324 1776; x_wconf 89' lang='lat' dir='ltr'>incautum</span> 
     </span>
     <span class='ocr_line' id='line_1_14' title="bbox 295 1806 1324 1893; baseline 0 -21"><span class='ocrx_word' id='word_1_100' title='bbox 295 1807 419 1873; x_wconf 92' lang='lat' dir='ltr'>hostem</span> <span class='ocrx_word' id='word_1_101' title='bbox 436 1806 557 1872; x_wconf 90' lang='lat' dir='ltr'>reditus</span> <span class='ocrx_word' id='word_1_102' title='bbox 574 1828 635 1871; x_wconf 93' lang='lat' dir='ltr'>nec</span> <span class='ocrx_word' id='word_1_103' title='bbox 651 1817 689 1883; x_wconf 86' lang='lat' dir='ltr'>ut</span> <span class='ocrx_word' id='word_1_104' title='bbox 706 1817 778 1871; x_wconf 90' lang='lat' dir='ltr'>astu</span> <span class='ocrx_word' id='word_1_105' title='bbox 796 1806 900 1892; x_wconf 88' lang='lat' dir='ltr'>magis</span> <span class='ocrx_word' id='word_1_106' title='bbox 915 1827 1012 1891; x_wconf 91' lang='lat' dir='ltr'>quam</span> <span class='ocrx_word' id='word_1_107' title='bbox 1025 1829 1102 1872; x_wconf 88' lang='lat' dir='ltr'>vera</span> <span class='ocrx_word' id='word_1_108' title='bbox 1118 1807 1235 1873; x_wconf 90' lang='lat' dir='ltr'>virtute</span> <span class='ocrx_word' id='word_1_109' title='bbox 1253 1809 1324 1893; x_wconf 87' lang='lat' dir='ltr'>glo·</span> 
     </span>
     <span class='ocr_line' id='line_1_15' title="bbox 294 1900 1322 1985; baseline -0.002 -19"><span class='ocrx_word' id='word_1_110' title='bbox 294 1901 466 1976; x_wconf 88' lang='lat' dir='ltr'>riarentur,</span> <span class='ocrx_word' id='word_1_111' title='bbox 492 1901 577 1965; x_wconf 93' lang='lat' dir='ltr'>bella</span> <span class='ocrx_word' id='word_1_112' title='bbox 601 1900 738 1965; x_wconf 88' lang='lat' dir='ltr'>maiores</span> <span class='ocrx_word' id='word_1_113' title='bbox 760 1900 914 1985; x_wconf 86' lang='lat' dir='ltr'>gessisss;</span> <span class='ocrx_word' id='word_1_114' title='bbox 945 1900 1084 1965; x_wconf 89' lang='lat' dir='ltr'>indicere</span> <span class='ocrx_word' id='word_1_115' title='bbox 1111 1900 1198 1985; x_wconf 91' lang='lat' dir='ltr'>prius</span> <span class='ocrx_word' id='word_1_116' title='bbox 1225 1923 1322 1984; x_wconf 89' lang='lat' dir='ltr'>quam</span> 
     </span>
     <span class='ocr_line' id='line_1_16' title="bbox 295 1992 1321 2081; baseline -0.001 -21"><span class='ocrx_word' id='word_1_117' title='bbox 295 2018 407 2079; x_wconf 87' lang='lat' dir='ltr'>gerere</span> <span class='ocrx_word' id='word_1_118' title='bbox 417 1995 525 2059; x_wconf 91' lang='lat' dir='ltr'>solitos</span> <span class='ocrx_word' id='word_1_119' title='bbox 538 1994 633 2070; x_wconf 90' lang='lat' dir='ltr'>bella,</span> <span class='ocrx_word' id='word_1_120' title='bbox 647 1994 834 2061; x_wconf 89' lang='lat' dir='ltr'>denuntiare</span> <span class='ocrx_word' id='word_1_121' title='bbox 844 1992 993 2079; x_wconf 86' lang='lat' dir='ltr'>[proelia]</span> <span class='ocrx_word' id='word_1_122' title='bbox 1005 1994 1173 2071; x_wconf 90' lang='lat' dir='ltr'>interdum,</span> <span class='ocrx_word' id='word_1_123' title='bbox 1184 1993 1321 2081; x_wconf 88' lang='lat' dir='ltr'>[locum]</span> 
     </span>
     <span class='ocr_line' id='line_1_17' title="bbox 296 2085 1355 2169; baseline 0.004 -18"><span class='ocrx_word' id='word_1_124' title='bbox 296 2088 402 2164; x_wconf 83' lang='lat' dir='ltr'>finire,</span> <span class='ocrx_word' id='word_1_125' title='bbox 429 2088 463 2154; x_wconf 87' lang='lat' dir='ltr'>in</span> <span class='ocrx_word' id='word_1_126' title='bbox 485 2108 549 2169; x_wconf 90' lang='lat' dir='ltr'>quo</span> <span class='ocrx_word' id='word_1_127' title='bbox 573 2085 753 2149; x_wconf 89' lang='lat' dir='ltr'>dimicaturi</span> <span class='ocrx_word' id='word_1_128' title='bbox 774 2097 890 2150; x_wconf 89' lang='lat' dir='ltr'>essent.</span> <span class='ocrx_word' id='word_1_129' title='bbox 935 2087 1048 2151; x_wconf 88' lang='lat' dir='ltr'>eadem</span> <span class='ocrx_word' id='word_1_130' title='bbox 1064 2087 1127 2151; x_wconf 83' lang='lat' dir='ltr'>lide</span> <span class='ocrx_word' id='word_1_131' title='bbox 1144 2087 1355 2155; x_wconf 82' lang='lat' dir='ltr'>indicatums</span> 
     </span>
     <span class='ocr_line' id='line_1_18' title="bbox 295 2178 1324 2265; baseline -0.002 -20"><span class='ocrx_word' id='word_1_132' title='bbox 295 2181 425 2265; x_wconf 86' lang='lat' dir='ltr'>Pyrrho</span> <span class='ocrx_word' id='word_1_133' title='bbox 442 2180 511 2265; x_wconf 89' lang='lat' dir='ltr'>regi</span> <span class='ocrx_word' id='word_1_134' title='bbox 527 2179 688 2244; x_wconf 89' lang='lat' dir='ltr'>medicum</span> <span class='ocrx_word' id='word_1_135' title='bbox 701 2180 785 2244; x_wconf 86' lang='lat' dir='ltr'>vitae</span> <span class='ocrx_word' id='word_1_136' title='bbox 799 2179 869 2245; x_wconf 88' lang='lat' dir='ltr'>eius</span> <span class='ocrx_word' id='word_1_137' title='bbox 885 2178 1097 2257; x_wconf 86' lang='lat' dir='ltr'>insidiantem,</span> <span class='ocrx_word' id='word_1_138' title='bbox 1111 2178 1223 2244; x_wconf 88' lang='lat' dir='ltr'>eadem</span> <span class='ocrx_word' id='word_1_139' title='bbox 1236 2179 1324 2244; x_wconf 83' lang='lat' dir='ltr'>Fali-</span> 
     </span>
     <span class='ocr_line' id='line_1_19' title="bbox 297 2272 1425 2360; baseline 0 -22"><span class='ocrx_word' id='word_1_140' title='bbox 297 2274 360 2339; x_wconf 90' lang='lat' dir='ltr'>scis</span> <span class='ocrx_word' id='word_1_141' title='bbox 382 2275 524 2338; x_wconf 83' lang='lat' dir='ltr'>vinctum</span> <span class='ocrx_word' id='word_1_142' title='bbox 546 2273 708 2339; x_wconf 89' lang='lat' dir='ltr'>traditum.</span> <span class='ocrx_word' id='word_1_143' title='bbox 718 2273 914 2358; x_wconf 90' lang='lat' dir='ltr'>proditorem</span> <span class='ocrx_word' id='word_1_144' title='bbox 935 2272 1117 2338; x_wconf 88' lang='lat' dir='ltr'>liberorum.</span> <span class='ocrx_word' id='word_1_145' title='bbox 1161 2273 1323 2360; x_wconf 88' lang='lat' dir='ltr'>religionis</span> <span class='ocrx_word' id='word_1_146' title='bbox 1343 2295 1356 2338; x_wconf 81' lang='lat' dir='ltr'>r</span> <span class='ocrx_word' id='word_1_147' title='bbox 1422 2308 1425 2315; x_wconf 95' lang='lat'>·</span> 
     </span>
     <span class='ocr_line' id='line_1_20' title="bbox 296 2366 1324 2454; baseline 0.003 -23"><span class='ocrx_word' id='word_1_148' title='bbox 296 2368 377 2432; x_wconf 86' lang='lat' dir='ltr'>haec</span> <span class='ocrx_word' id='word_1_149' title='bbox 395 2367 560 2432; x_wconf 86' lang='lat' dir='ltr'>Romanae</span> <span class='ocrx_word' id='word_1_150' title='bbox 578 2389 663 2444; x_wconf 88' lang='lat' dir='ltr'>esse,</span> <span class='ocrx_word' id='word_1_151' title='bbox 689 2389 754 2432; x_wconf 90' lang='lat' dir='ltr'>non</span> <span class='ocrx_word' id='word_1_152' title='bbox 775 2366 989 2432; x_wconf 83' lang='lat' dir='ltr'>versutiarum</span> <span class='ocrx_word' id='word_1_153' title='bbox 1006 2366 1202 2434; x_wconf 89' lang='lat' dir='ltr'>Punicarum</span> <span class='ocrx_word' id='word_1_154' title='bbox 1219 2390 1324 2454; x_wconf 90' lang='lat' dir='ltr'>neque</span> 
     </span>
     <span class='ocr_line' id='line_1_21' title="bbox 298 2459 1325 2547; baseline 0.004 -23"><span class='ocrx_word' id='word_1_155' title='bbox 298 2460 477 2525; x_wconf 86' lang='lat' dir='ltr'>calliditatis</span> <span class='ocrx_word' id='word_1_156' title='bbox 496 2459 655 2537; x_wconf 86' lang='lat' dir='ltr'>Graecae,</span> <span class='ocrx_word' id='word_1_157' title='bbox 681 2471 760 2546; x_wconf 89' lang='lat' dir='ltr'>aput</span> <span class='ocrx_word' id='word_1_158' title='bbox 779 2459 887 2546; x_wconf 90' lang='lat' dir='ltr'>[quos]</span> <span class='ocrx_word' id='word_1_159' title='bbox 908 2461 1018 2527; x_wconf 90' lang='lat' dir='ltr'>fallere</span> <span class='ocrx_word' id='word_1_160' title='bbox 1035 2462 1160 2528; x_wconf 88' lang='lat' dir='ltr'>hostem</span> <span class='ocrx_word' id='word_1_161' title='bbox 1177 2483 1275 2547; x_wconf 88' lang='lat' dir='ltr'>quam</span> <span class='ocrx_word' id='word_1_162' title='bbox 1292 2463 1325 2529; x_wconf 90' lang='lat' dir='ltr'>vi</span> 
     </span>
     <span class='ocr_line' id='line_1_22' title="bbox 298 2555 1357 2641; baseline 0.003 -22"><span class='ocrx_word' id='word_1_163' title='bbox 298 2576 449 2639; x_wconf 86' lang='lat' dir='ltr'>superare</span> <span class='ocrx_word' id='word_1_164' title='bbox 467 2555 635 2639; x_wconf 86' lang='lat' dir='ltr'>gloriosius</span> <span class='ocrx_word' id='word_1_165' title='bbox 652 2556 758 2620; x_wconf 85' lang='lat' dir='ltr'>fuerit.</span> <span class='ocrx_word' id='word_1_166' title='bbox 801 2556 962 2620; x_wconf 88' lang='lat' dir='ltr'>interdum</span> <span class='ocrx_word' id='word_1_167' title='bbox 979 2557 1012 2619; x_wconf 90' lang='lat' dir='ltr'>in</span> <span class='ocrx_word' id='word_1_168' title='bbox 1029 2580 1179 2641; x_wconf 86' lang='lat' dir='ltr'>praesens</span> <span class='ocrx_word' id='word_1_169' title='bbox 1197 2569 1323 2641; x_wconf 85' lang='lat' dir='ltr'>tempus</span> <span class='ocrx_word' id='word_1_170' title='bbox 1342 2576 1357 2623; x_wconf 87' lang='lat'>8</span> 
     </span>
     <span class='ocr_line' id='line_1_23' title="bbox 297 2648 1324 2735; baseline 0.003 -23"><span class='ocrx_word' id='word_1_171' title='bbox 297 2650 371 2735; x_wconf 88' lang='lat' dir='ltr'>plus</span> <span class='ocrx_word' id='word_1_172' title='bbox 388 2649 499 2734; x_wconf 89' lang='lat' dir='ltr'>profici</span> <span class='ocrx_word' id='word_1_173' title='bbox 517 2650 590 2714; x_wconf 94' lang='lat' dir='ltr'>dolo</span> <span class='ocrx_word' id='word_1_174' title='bbox 609 2670 706 2732; x_wconf 91' lang='lat' dir='ltr'>quam</span> <span class='ocrx_word' id='word_1_175' title='bbox 723 2648 854 2724; x_wconf 84' lang='lat' dir='ltr'>virtute3</span> <span class='ocrx_word' id='word_1_176' title='bbox 873 2649 930 2713; x_wconf 90' lang='lat' dir='ltr'>sed</span> <span class='ocrx_word' id='word_1_177' title='bbox 948 2649 1017 2713; x_wconf 91' lang='lat' dir='ltr'>eius</span> <span class='ocrx_word' id='word_1_178' title='bbox 1035 2650 1164 2714; x_wconf 90' lang='lat' dir='ltr'>demum</span> <span class='ocrx_word' id='word_1_179' title='bbox 1182 2650 1324 2715; x_wconf 91' lang='lat' dir='ltr'>animum</span> 
     </span>
     <span class='ocr_line' id='line_1_24' title="bbox 297 2741 1325 2828; baseline 0 -21"><span class='ocrx_word' id='word_1_180' title='bbox 297 2744 539 2827; x_wconf 88' lang='lat' dir='ltr'>inperpetuum</span> <span class='ocrx_word' id='word_1_181' title='bbox 556 2742 657 2818; x_wconf 85' lang='lat' dir='ltr'>vinci,</span> <span class='ocrx_word' id='word_1_182' title='bbox 681 2741 732 2807; x_wconf 90' lang='lat' dir='ltr'>cui</span> <span class='ocrx_word' id='word_1_183' title='bbox 750 2741 907 2806; x_wconf 82' lang='lat' dir='ltr'>confessio</span> <span class='ocrx_word' id='word_1_184' title='bbox 925 2764 1076 2826; x_wconf 84' lang='lat' dir='ltr'>expressa</span> <span class='ocrx_word' id='word_1_185' title='bbox 1093 2743 1148 2820; x_wconf 89' lang='lat' dir='ltr'>sit,</span> <span class='ocrx_word' id='word_1_186' title='bbox 1167 2765 1202 2807; x_wconf 89' lang='lat' dir='ltr'>se</span> <span class='ocrx_word' id='word_1_187' title='bbox 1219 2764 1325 2828; x_wconf 89' lang='lat' dir='ltr'>neque</span> 
     </span>
    </p>

    <p class='ocr_par' dir='ltr' id='par_1_3' title="bbox 266 2836 1377 4141">
     <span class='ocr_line' id='line_1_25' title="bbox 266 2836 1325 2920; baseline 0 -19"><span class='ocrx_word' id='word_1_188' title='bbox 266 2898 273 2911; x_wconf 76' lang='grc'>,</span> <span class='ocrx_word' id='word_1_189' title='bbox 298 2849 365 2902; x_wconf 90' lang='lat' dir='ltr'>arte</span> <span class='ocrx_word' id='word_1_190' title='bbox 383 2858 487 2920; x_wconf 86' lang='lat' dir='ltr'>neque</span> <span class='ocrx_word' id='word_1_191' title='bbox 505 2859 592 2913; x_wconf 89' lang='lat' dir='ltr'>casu,</span> <span class='ocrx_word' id='word_1_192' title='bbox 611 2837 668 2902; x_wconf 92' lang='lat' dir='ltr'>sed</span> <span class='ocrx_word' id='word_1_193' title='bbox 686 2836 817 2902; x_wconf 89' lang='lat' dir='ltr'>conlatis</span> <span class='ocrx_word' id='word_1_194' title='bbox 835 2837 1013 2902; x_wconf 89' lang='lat' dir='ltr'>comminus</span> <span class='ocrx_word' id='word_1_195' title='bbox 1031 2836 1167 2914; x_wconf 87' lang='lat' dir='ltr'>viribus,</span> <span class='ocrx_word' id='word_1_196' title='bbox 1184 2838 1269 2903; x_wconf 89' lang='lat' dir='ltr'>iusto</span> <span class='ocrx_word' id='word_1_197' title='bbox 1288 2858 1325 2901; x_wconf 89' lang='lat' dir='ltr'>ac</span> 
     </span>
     <span class='ocr_line' id='line_1_26' title="bbox 297 2930 1358 3019; baseline 0.003 -24"><span class='ocrx_word' id='word_1_198' title='bbox 297 2932 352 3018; x_wconf 93' lang='lat' dir='ltr'>pio</span> <span class='ocrx_word' id='word_1_199' title='bbox 371 2955 440 2997; x_wconf 89' lang='lat' dir='ltr'>esse</span> <span class='ocrx_word' id='word_1_200' title='bbox 457 2932 542 2998; x_wconf 91' lang='lat' dir='ltr'>bello</span> <span class='ocrx_word' id='word_1_201' title='bbox 560 2943 756 3019; x_wconf 89' lang='lat' dir='ltr'>superatum.</span> <span class='ocrx_word' id='word_1_202' title='bbox 786 2934 867 2998; x_wconf 92' lang='lat' dir='ltr'>haec</span> <span class='ocrx_word' id='word_1_203' title='bbox 885 2930 1034 3008; x_wconf 84' lang='lat' dir='ltr'>seniores,</span> <span class='ocrx_word' id='word_1_204' title='bbox 1052 2932 1169 3016; x_wconf 91' lang='lat' dir='ltr'>quibus</span> <span class='ocrx_word' id='word_1_205' title='bbox 1186 2953 1270 2998; x_wconf 89' lang='lat' dir='ltr'>nova</span> <span class='ocrx_word' id='word_1_206' title='bbox 1288 2954 1325 2997; x_wconf 88' lang='lat' dir='ltr'>ac</span> <span class='ocrx_word' id='word_1_207' title='bbox 1344 2952 1358 2999; x_wconf 85' lang='lat' dir='ltr'>a</span> 
     </span>
     <span class='ocr_line' id='line_1_27' title="bbox 297 3024 1325 3112; baseline 0.001 -22"><span class='ocrx_word' id='word_1_208' title='bbox 297 3026 391 3091; x_wconf 77' lang='lat' dir='ltr'>nimir</span> <span class='ocrx_word' id='word_1_209' title='bbox 410 3025 454 3112; x_wconf 87' lang='lat'>[..</span> <span class='ocrx_word' id='word_1_210' title='bbox 472 3024 594 3112; x_wconf 90' lang='lat' dir='ltr'>minus]</span> <span class='ocrx_word' id='word_1_211' title='bbox 612 3026 759 3111; x_wconf 88' lang='lat' dir='ltr'>placebat</span> <span class='ocrx_word' id='word_1_212' title='bbox 777 3026 948 3112; x_wconf 86' lang='lat' dir='ltr'>sapientia3</span> <span class='ocrx_word' id='word_1_213' title='bbox 971 3026 1048 3090; x_wconf 89' lang='lat' dir='ltr'>vicit</span> <span class='ocrx_word' id='word_1_214' title='bbox 1071 3037 1178 3092; x_wconf 89' lang='lat' dir='ltr'>tamen</span> <span class='ocrx_word' id='word_1_215' title='bbox 1195 3050 1234 3092; x_wconf 89' lang='lat' dir='ltr'>ea</span> <span class='ocrx_word' id='word_1_216' title='bbox 1251 3049 1325 3111; x_wconf 88' lang='lat' dir='ltr'>pars</span> 
     </span>
     <span class='ocr_line' id='line_1_28' title="bbox 299 3121 1325 3206; baseline 0 -22"><span class='ocrx_word' id='word_1_217' title='bbox 299 3136 436 3196; x_wconf 89' lang='lat' dir='ltr'>senatus,</span> <span class='ocrx_word' id='word_1_218' title='bbox 455 3122 507 3185; x_wconf 85' lang='lat' dir='ltr'>cui</span> <span class='ocrx_word' id='word_1_219' title='bbox 524 3122 628 3206; x_wconf 91' lang='lat' dir='ltr'>potior</span> <span class='ocrx_word' id='word_1_220' title='bbox 644 3121 731 3185; x_wconf 93' lang='lat' dir='ltr'>utilis</span> <span class='ocrx_word' id='word_1_221' title='bbox 748 3142 846 3203; x_wconf 91' lang='lat' dir='ltr'>quam</span> <span class='ocrx_word' id='word_1_222' title='bbox 863 3122 988 3187; x_wconf 88' lang='lat' dir='ltr'>honesti</span> <span class='ocrx_word' id='word_1_223' title='bbox 1006 3142 1083 3187; x_wconf 89' lang='lat' dir='ltr'>cura</span> <span class='ocrx_word' id='word_1_224' title='bbox 1100 3132 1177 3197; x_wconf 88' lang='lat' dir='ltr'>erat,</span> <span class='ocrx_word' id='word_1_225' title='bbox 1196 3131 1232 3185; x_wconf 92' lang='lat' dir='ltr'>ut</span> <span class='ocrx_word' id='word_1_226' title='bbox 1251 3142 1325 3185; x_wconf 92' lang='lat' dir='ltr'>con-</span> 
     </span>
     <span class='ocr_line' id='line_1_29' title="bbox 297 3212 1326 3300; baseline 0.003 -24"><span class='ocrx_word' id='word_1_227' title='bbox 297 3214 486 3299; x_wconf 88' lang='lat' dir='ltr'>probaretur</span> <span class='ocrx_word' id='word_1_228' title='bbox 502 3216 589 3300; x_wconf 92' lang='lat' dir='ltr'>prior</span> <span class='ocrx_word' id='word_1_229' title='bbox 606 3216 723 3300; x_wconf 88' lang='lat' dir='ltr'>legatio</span> <span class='ocrx_word' id='word_1_230' title='bbox 741 3215 845 3280; x_wconf 87' lang='lat' dir='ltr'>Marci</span> <span class='ocrx_word' id='word_1_231' title='bbox 864 3227 896 3281; x_wconf 92' lang='lat' dir='ltr'>et</span> <span class='ocrx_word' id='word_1_232' title='bbox 913 3217 1026 3281; x_wconf 92' lang='lat' dir='ltr'>eodem</span> <span class='ocrx_word' id='word_1_233' title='bbox 1043 3238 1153 3280; x_wconf 89' lang='lat' dir='ltr'>rursus</span> <span class='ocrx_word' id='word_1_234' title='bbox 1170 3215 1204 3279; x_wconf 93' lang='lat' dir='ltr'>in</span> <span class='ocrx_word' id='word_1_235' title='bbox 1223 3212 1326 3280; x_wconf 88' lang='lat' dir='ltr'>Grae-</span> 
     </span>
     <span class='ocr_line' id='line_1_30' title="bbox 298 3307 1325 3392; baseline 0.003 -22"><span class='ocrx_word' id='word_1_236' title='bbox 298 3307 381 3371; x_wconf 88' lang='lat' dir='ltr'>ciam</span> <span class='ocrx_word' id='word_1_237' title='bbox 398 3330 472 3376; x_wconf 85' lang='lat' dir='ltr'>cum</span> <span class='ocrx_word' id='word_1_238' title='bbox 489 3308 772 3392; x_wconf 89' lang='lat' dir='ltr'>quinqueremibus</span> <span class='ocrx_word' id='word_1_239' title='bbox 794 3308 1008 3374; x_wconf 90' lang='lat' dir='ltr'>remitteretur</span> <span class='ocrx_word' id='word_1_240' title='bbox 1028 3308 1325 3390; x_wconf 68' lang='lat' dir='ltr'>iubereturquooe-</span> 
     </span>
     <span class='ocr_line' id='line_1_31' title="bbox 298 3401 1377 3485; baseline 0.001 -22"><span class='ocrx_word' id='word_1_241' title='bbox 298 3410 366 3464; x_wconf 90' lang='lat' dir='ltr'>tera</span> <span class='ocrx_word' id='word_1_242' title='bbox 379 3401 427 3464; x_wconf 91' lang='lat' dir='ltr'>uti</span> <span class='ocrx_word' id='word_1_243' title='bbox 436 3424 453 3466; x_wconf 92' lang='lat' dir='ltr'>e</span> <span class='ocrx_word' id='word_1_244' title='bbox 463 3424 496 3464; x_wconf 90' lang='lat' dir='ltr'>re</span> <span class='ocrx_word' id='word_1_245' title='bbox 508 3402 638 3485; x_wconf 90' lang='lat' dir='ltr'>publica</span> <span class='ocrx_word' id='word_1_246' title='bbox 651 3402 789 3467; x_wconf 85' lang='lat' dir='ltr'>maxime</span> <span class='ocrx_word' id='word_1_247' title='bbox 803 3403 1002 3466; x_wconf 77' lang='lat' dir='ltr'>visum‘esset</span> <span class='ocrx_word' id='word_1_248' title='bbox 1011 3423 1116 3485; x_wconf 88' lang='lat' dir='ltr'>agere.</span> <span class='ocrx_word' id='word_1_249' title='bbox 1143 3402 1187 3464; x_wconf 86' lang='lat' dir='ltr'>A.</span> <span class='ocrx_word' id='word_1_250' title='bbox 1198 3421 1325 3483; x_wconf 89' lang='lat' dir='ltr'>quoque</span> <span class='ocrx_word' id='word_1_251' title='bbox 1346 3419 1377 3464; x_wconf 84' lang='lat'>10</span> 
     </span>
     <span class='ocr_line' id='line_1_32' title="bbox 298 3492 1326 3578; baseline -0.002 -24"><span class='ocrx_word' id='word_1_252' title='bbox 298 3492 436 3556; x_wconf 88' lang='lat' dir='ltr'>Atilium</span> <span class='ocrx_word' id='word_1_253' title='bbox 456 3493 613 3557; x_wconf 89' lang='lat' dir='ltr'>miserunt</span> <span class='ocrx_word' id='word_1_254' title='bbox 635 3493 676 3557; x_wconf 90' lang='lat' dir='ltr'>ad</span> <span class='ocrx_word' id='word_1_255' title='bbox 698 3495 919 3578; x_wconf 88' lang='lat' dir='ltr'>occupandam</span> <span class='ocrx_word' id='word_1_256' title='bbox 936 3494 1084 3556; x_wconf 87' lang='lat' dir='ltr'>Larisam</span> <span class='ocrx_word' id='word_1_257' title='bbox 1106 3495 1141 3557; x_wconf 92' lang='lat' dir='ltr'>in</span> <span class='ocrx_word' id='word_1_258' title='bbox 1158 3492 1326 3555; x_wconf 85' lang='lat' dir='ltr'>Thessalia</span> 
     </span>
     <span class='ocr_line' id='line_1_33' title="bbox 299 3583 1326 3669; baseline -0.001 -22"><span class='ocrx_word' id='word_1_259' title='bbox 299 3584 461 3660; x_wconf 89' lang='lat' dir='ltr'>timentes,</span> <span class='ocrx_word' id='word_1_260' title='bbox 486 3608 542 3661; x_wconf 88' lang='lat' dir='ltr'>ne,</span> <span class='ocrx_word' id='word_1_261' title='bbox 573 3586 601 3647; x_wconf 92' lang='lat' dir='ltr'>si</span> <span class='ocrx_word' id='word_1_262' title='bbox 627 3585 820 3649; x_wconf 89' lang='lat' dir='ltr'>indutiarum</span> <span class='ocrx_word' id='word_1_263' title='bbox 847 3586 915 3649; x_wconf 89' lang='lat' dir='ltr'>dies</span> <span class='ocrx_word' id='word_1_264' title='bbox 942 3585 1074 3660; x_wconf 84' lang='lat' dir='ltr'>exisset,</span> <span class='ocrx_word' id='word_1_265' title='bbox 1104 3583 1262 3669; x_wconf 89' lang='lat' dir='ltr'>praesidio</span> <span class='ocrx_word' id='word_1_266' title='bbox 1289 3605 1326 3648; x_wconf 92' lang='lat' dir='ltr'>eo</span> 
     </span>
     <span class='ocr_line' id='line_1_34' title="bbox 299 3673 1371 3763; baseline 0.003 -19"><span class='ocrx_word' id='word_1_267' title='bbox 299 3677 397 3744; x_wconf 89' lang='lat' dir='ltr'>misso</span> <span class='ocrx_word' id='word_1_268' title='bbox 421 3687 517 3762; x_wconf 86' lang='lat' dir='ltr'>caput</span> <span class='ocrx_word' id='word_1_269' title='bbox 535 3677 722 3743; x_wconf 87' lang='lat' dir='ltr'>Thessaliae</span> <span class='ocrx_word' id='word_1_270' title='bbox 736 3680 774 3742; x_wconf 91' lang='lat' dir='ltr'>in</span> <span class='ocrx_word' id='word_1_271' title='bbox 790 3689 947 3763; x_wconf 90' lang='lat' dir='ltr'>potestate</span> <span class='ocrx_word' id='word_1_272' title='bbox 970 3677 1103 3744; x_wconf 88' lang='lat' dir='ltr'>haberet</span> <span class='ocrx_word' id='word_1_273' title='bbox 1122 3676 1218 3763; x_wconf 62' lang='lat' dir='ltr'>[rex]</span> <span class='ocrx_word' id='word_1_274' title='bbox 1263 3673 1326 3741; x_wconf 92' lang='lat' dir='ltr'>duo</span> <span class='ocrx_word' id='word_1_275' title='bbox 1345 3699 1371 3747; x_wconf 87' lang='lat'>11</span> 
     </span>
     <span class='ocr_line' id='line_1_35' title="bbox 299 3770 1326 3856; baseline -0.002 -19"><span class='ocrx_word' id='word_1_276' title='bbox 299 3771 388 3837; x_wconf 91' lang='lat' dir='ltr'>milia</span> <span class='ocrx_word' id='word_1_277' title='bbox 412 3771 556 3856; x_wconf 86' lang='lat' dir='ltr'>peditum</span> <span class='ocrx_word' id='word_1_278' title='bbox 574 3770 694 3836; x_wconf 88' lang='lat' dir='ltr'>Atilius</span> <span class='ocrx_word' id='word_1_279' title='bbox 716 3772 758 3836; x_wconf 95' lang='lat' dir='ltr'>ab</span> <span class='ocrx_word' id='word_1_280' title='bbox 776 3770 837 3838; x_wconf 85' lang='lat' dir='ltr'>On.</span> <span class='ocrx_word' id='word_1_281' title='bbox 858 3770 978 3838; x_wconf 82' lang='lat' dir='ltr'>Sicinio</span> <span class='ocrx_word' id='word_1_282' title='bbox 1001 3792 1162 3837; x_wconf 90' lang='lat' dir='ltr'>accersere</span> <span class='ocrx_word' id='word_1_283' title='bbox 1186 3771 1228 3835; x_wconf 90' lang='lat' dir='ltr'>ad</span> <span class='ocrx_word' id='word_1_284' title='bbox 1255 3795 1326 3838; x_wconf 89' lang='lat' dir='ltr'>eam</span> 
     </span>
     <span class='ocr_line' id='line_1_36' title="bbox 300 3864 1377 3951; baseline 0.002 -18"><span class='ocrx_word' id='word_1_285' title='bbox 300 3890 368 3933; x_wconf 87' lang='lat' dir='ltr'>rem</span> <span class='ocrx_word' id='word_1_286' title='bbox 386 3866 544 3951; x_wconf 90' lang='lat' dir='ltr'>agendam</span> <span class='ocrx_word' id='word_1_287' title='bbox 561 3864 677 3931; x_wconf 88' lang='lat' dir='ltr'>iussus.</span> <span class='ocrx_word' id='word_1_288' title='bbox 721 3877 753 3931; x_wconf 93' lang='lat' dir='ltr'>et</span> <span class='ocrx_word' id='word_1_289' title='bbox 769 3866 809 3931; x_wconf 91' lang='lat' dir='ltr'>P.</span> <span class='ocrx_word' id='word_1_290' title='bbox 827 3867 984 3943; x_wconf 88' lang='lat' dir='ltr'>Lentulo,</span> <span class='ocrx_word' id='word_1_291' title='bbox 1003 3866 1058 3950; x_wconf 92' lang='lat' dir='ltr'>qui</span> <span class='ocrx_word' id='word_1_292' title='bbox 1076 3890 1116 3930; x_wconf 86' lang='lat' dir='ltr'>ex</span> <span class='ocrx_word' id='word_1_293' title='bbox 1134 3864 1260 3931; x_wconf 87' lang='lat' dir='ltr'>Achaia</span> <span class='ocrx_word' id='word_1_294' title='bbox 1276 3889 1326 3931; x_wconf 90' lang='lat' dir='ltr'>re·</span> <span class='ocrx_word' id='word_1_295' title='bbox 1346 3887 1377 3935; x_wconf 78' lang='lat'>12</span> 
     </span>
     <span class='ocr_line' id='line_1_37' title="bbox 301 3960 1325 4047; baseline -0.001 -21"><span class='ocrx_word' id='word_1_296' title='bbox 301 3962 411 4038; x_wconf 86' lang='lat' dir='ltr'>dierat,</span> <span class='ocrx_word' id='word_1_297' title='bbox 430 3961 563 4034; x_wconf 88' lang='lat' dir='ltr'>trecenti</span> <span class='ocrx_word' id='word_1_298' title='bbox 577 3960 691 4025; x_wconf 90' lang='lat' dir='ltr'>milites</span> <span class='ocrx_word' id='word_1_299' title='bbox 700 3961 806 4026; x_wconf 78' lang='lat' dir='ltr'>Italici</span> <span class='ocrx_word' id='word_1_300' title='bbox 823 3960 949 4047; x_wconf 89' lang='lat' dir='ltr'>generis</span> <span class='ocrx_word' id='word_1_301' title='bbox 963 3961 1039 4036; x_wconf 89' lang='lat' dir='ltr'>dati,</span> <span class='ocrx_word' id='word_1_302' title='bbox 1056 3972 1093 4025; x_wconf 90' lang='lat' dir='ltr'>ut</span> <span class='ocrx_word' id='word_1_303' title='bbox 1101 3960 1222 4026; x_wconf 88' lang='lat' dir='ltr'>Thebis</span> <span class='ocrx_word' id='word_1_304' title='bbox 1236 3960 1325 4026; x_wconf 91' lang='lat' dir='ltr'>daret</span> 
     </span>
     <span class='ocr_line' id='line_1_38' title="bbox 300 4056 984 4141; baseline 0.001 -22"><span class='ocrx_word' id='word_1_305' title='bbox 300 4076 442 4141; x_wconf 91' lang='lat' dir='ltr'>operam,</span> <span class='ocrx_word' id='word_1_306' title='bbox 460 4068 497 4120; x_wconf 92' lang='lat' dir='ltr'>ut</span> <span class='ocrx_word' id='word_1_307' title='bbox 514 4057 548 4120; x_wconf 87' lang='lat' dir='ltr'>in</span> <span class='ocrx_word' id='word_1_308' title='bbox 565 4067 720 4141; x_wconf 86' lang='lat' dir='ltr'>potestate</span> <span class='ocrx_word' id='word_1_309' title='bbox 736 4056 873 4123; x_wconf 91' lang='lat' dir='ltr'>Boeotia</span> <span class='ocrx_word' id='word_1_310' title='bbox 892 4067 984 4121; x_wconf 89' lang='lat' dir='ltr'>esset.</span> 
     </span>
    </p>
   </div>
   <div class='ocr_carea' id='block_1_3' title="bbox 363 4148 1358 4237">
    <p class='ocr_par' dir='ltr' id='par_1_4' title="bbox 363 4148 1358 4237">
     <span class='ocr_line' id='line_1_39' title="bbox 363 4148 1358 4237; baseline 0 -22"><span class='ocrx_word' id='word_1_311' title='bbox 363 4149 607 4217; x_wconf 85' lang='lat' dir='ltr'>XXXXVIII.</span> <span class='ocrx_word' id='word_1_312' title='bbox 634 4151 696 4216; x_wconf 87' lang='lat' dir='ltr'>His</span> <span class='ocrx_word' id='word_1_313' title='bbox 714 4150 921 4237; x_wconf 90' lang='lat' dir='ltr'>praeparatis,</span> <span class='ocrx_word' id='word_1_314' title='bbox 938 4170 1133 4234; x_wconf 88' lang='lat' dir='ltr'>quamquam</span> <span class='ocrx_word' id='word_1_315' title='bbox 1147 4148 1189 4214; x_wconf 89' lang='lat' dir='ltr'>ad</span> <span class='ocrx_word' id='word_1_316' title='bbox 1206 4149 1325 4215; x_wconf 89' lang='lat' dir='ltr'>bellum</span> <span class='ocrx_word' id='word_1_317' title='bbox 1346 4171 1358 4215; x_wconf 91' lang='lat'>1</span> 
     </span>
    </p>
   </div>
   <div class='ocr_carea' id='block_1_4' title="bbox 301 4243 1324 4399">
    <p class='ocr_par' dir='ltr' id='par_1_5' title="bbox 301 4243 1324 4399">
     <span class='ocr_line' id='line_1_40' title="bbox 301 4243 1324 4331; baseline -0.003 -23"><span class='ocrx_word' id='word_1_318' title='bbox 301 4243 433 4309; x_wconf 88' lang='lat' dir='ltr'>consilia</span> <span class='ocrx_word' id='word_1_319' title='bbox 455 4258 545 4311; x_wconf 92' lang='lat' dir='ltr'>erant</span> <span class='ocrx_word' id='word_1_320' title='bbox 562 4245 732 4323; x_wconf 90' lang='lat' dir='ltr'>destinata,</span> <span class='ocrx_word' id='word_1_321' title='bbox 755 4259 901 4313; x_wconf 89' lang='lat' dir='ltr'>senatum</span> <span class='ocrx_word' id='word_1_322' title='bbox 923 4255 1029 4310; x_wconf 90' lang='lat' dir='ltr'>tamen</span> <span class='ocrx_word' id='word_1_323' title='bbox 1047 4244 1193 4331; x_wconf 87' lang='lat' dir='ltr'>praeberi</span> <span class='ocrx_word' id='word_1_324' title='bbox 1210 4244 1324 4329; x_wconf 88' lang='lat' dir='ltr'>legatis</span> 
     </span>
     <span class='ocr_line' id='line_1_41' title="bbox 1121 4346 1156 4399; baseline 0 -25"><span class='ocrx_word' id='word_1_325' title='bbox 1121 4346 1156 4399; x_wconf 73' lang='lat'>5·</span> 
     </span>
    </p>
   </div>
   <div class='ocr_carea' id='block_1_5' title="bbox 0 0 1700 4975">
    <p class='ocr_par' dir='ltr' id='par_1_6' title="bbox 0 0 1700 4975">
     <span class='ocr_line' id='line_1_42' title="bbox 0 0 1700 4975; baseline 0 0"><span class='ocrx_word' id='word_1_326' title='bbox 0 0 1700 4975; x_wconf 95' lang='lat' dir='ltr'> </span> 
     </span>
    </p>
   </div>
  </div>
 </body>
</html>
