3384 4975
495 551 612 608 Lmen
628 551 772 622 xxxxi,
790 551 833 605 25.
846 551 889 606 ac.
910 551 989 620 [ae.
1000 553 1062 621 174]
1254 537 1297 604 25

267 712 317 776 nis
326 711 467 776 Proxeni
481 720 581 785 erant,
600 730 673 772 oum
688 708 809 771 reditus
822 707 856 770 in
873 706 1008 790 patriam
1025 710 1199 792 promissus
1214 719 1296 774 esset

268 806 411 888 fidesque
434 805 510 866 data
531 824 589 886 per
612 800 787 883 principem
805 800 940 863 civitatis
957 799 1185 884 Eupolemum,
1209 813 1295 866 octo·
1313 825 1330 869 4

269 901 360 983 ginta
378 899 527 960 inlustres
544 894 700 968 homines,
716 893 832 975 quibus
845 893 1050 957 redeuntibus
1064 895 1145 959 inter
1159 907 1297 960 ceteram

270 990 508 1054 multitudinem
516 987 714 1071 Eupolemus
732 987 827 1050 etiam
845 986 958 1050 obvius
976 986 1105 1063 exierat,
1123 1010 1196 1051 cum
1214 990 1297 1052 saln-

272 1085 392 1148 tatione
415 1082 554 1166 benigna
576 1082 698 1164 excepti
722 1091 827 1145 essent
845 1080 1045 1163 dextraeque
1063 1081 1169 1157 datae,
1191 1082 1298 1166 ingre·

275 1177 397 1239 dientes
421 1186 560 1258 portam,
586 1174 682 1238 fidem
705 1174 813 1238 datam
836 1174 976 1256 deosque
999 1174 1087 1237 testis
1103 1174 1298 1256 nequiquam

273 1270 457 1333 invocantes
474 1267 632 1332 interfecti
646 1277 729 1335 sunt.
756 1268 830 1332 inde
843 1267 975 1353 gravius
990 1269 1029 1331 de
1042 1268 1166 1352 integro
1180 1268 1300 1331 bellum
1318 1279 1332 1327 5

273 1363 400 1427 exarsit.
445 1359 484 1425 C.
502 1362 651 1427 Valerius
669 1362 833 1426 Laevinus
851 1373 883 1426 et
900 1362 966 1446 Ap.
987 1359 1142 1426 Claudius
1160 1361 1301 1426 Pulcher

273 1469 305 1520 et
325 1453 363 1520 C.
377 1455 551 1520 Memmius
570 1467 602 1520 et
618 1455 668 1518 M.
682 1455 840 1540 Popillius
858 1467 890 1520 et
908 1455 948 1519 L.
964 1454 1138 1521 Canuleius
1155 1456 1244 1520 missi
1259 1454 1300 1519 ab

274 1561 386 1614 senatu
403 1562 565 1615 venerant.
606 1559 684 1634 aput
701 1572 756 1614 eos
774 1573 847 1614 cum
864 1549 1000 1635 Delphis
1018 1552 1184 1634 utriusque
1201 1550 1299 1635 partis
1319 1561 1335 1607 6

273 1643 371 1728 legati
389 1665 506 1728 magno
525 1643 697 1707 certamine
715 1654 864 1728 egerunt,
880 1643 1048 1708 Proxenus
1070 1645 1209 1708 maxime
1227 1665 1301 1707 cum

274 1748 457 1811 causatum
470 1737 650 1820 eloquentia
667 1749 828 1821 praestare
841 1737 929 1802 visus
948 1748 1010 1814 est3
1029 1739 1084 1820 qui
1096 1759 1215 1822 paucos
1229 1748 1302 1822 post

276 1830 342 1894 dies
357 1831 398 1895 ab
409 1827 591 1894 Orthobula
605 1853 704 1895 uxore
718 1852 841 1896 veneno
856 1843 905 1895 est
918 1833 1072 1908 sublatus,
1088 1832 1300 1914 (lamiamque

276 1947 314 1989 eo
340 1925 470 1988 crimine
492 1925 527 1989 in
552 1925 684 1989 exilium
710 1925 796 1993 abiit.
848 1926 935 1990 idem
960 1927 1049 1990 furor
1075 1940 1107 1992 et
1130 1924 1333 1992 Cretenses?

276 2019 447 2083 lacerabat.
492 2019 631 2084 adventu
660 2019 774 2083 deinde
797 2017 839 2100 Q
857 2020 983 2084 Minuci
1008 2021 1120 2104 legati,
1146 2021 1203 2104 qui
1228 2043 1302 2086 cum

277 2113 389 2176 decem
405 2111 541 2174 navibus
558 2111 673 2175 missus
692 2113 733 2174 ad
751 2112 892 2176 sedanda
910 2135 1019 2176 eorum
1037 2114 1209 2177 certamina
1226 2124 1302 2188 erat,

279 2203 352 2290 [ad]
372 2227 462 2289 spem
480 2204 568 2288 pacis
585 2215 747 2268 venerant.
784 2215 924 2268 ceterum
946 2206 1088 2270 indutiae
1106 2217 1230 2270 tantum
1248 2229 1304 2270 sex

277 2321 424 2363 mensum
436 2297 566 2364 fuerunt
571 2322 580 2374 3
594 2297 668 2362 inde
678 2299 779 2362 multo
790 2299 921 2382 gravius
937 2298 1056 2363 bellum
1065 2299 1191 2364 exarsit
1209 2296 1304 2383 Lycii
1321 2309 1337 2357 8

277 2414 406 2476 quoque
431 2415 488 2476 per
513 2393 600 2457 idem
626 2403 752 2477 tempus
774 2392 816 2457 ab
838 2392 962 2458 Rhodis
987 2392 1071 2458 bello
1095 2393 1302 2458 vexabantur.

277 2488 336 2551 sed
354 2498 556 2552 externorum
573 2489 655 2553 inter
673 2512 707 2552 se
725 2489 825 2566 bella,
850 2510 913 2572 quo
931 2512 1077 2574 quaeque
1098 2491 1194 2554 modo
1212 2502 1304 2576 gesta

280 2592 363 2656 sunt,
383 2581 531 2663 persequi
548 2603 612 2644 non
626 2604 741 2664 operae
760 2592 808 2646 est
825 2584 902 2647 satis
917 2606 1075 2668 superque
1088 2584 1192 2648 oneris
1211 2584 1305 2647 susti-

278 2674 366 2738 nenti
382 2696 433 2737 res
452 2696 472 2737 a
488 2673 607 2757 populo
624 2673 770 2737 Romano
787 2686 896 2758 gestas
916 2677 1063 2740 scribere.

342 2766 477 2833 XXVI.
506 2764 660 2831 Celtiberi
673 2766 707 2830 in
720 2767 889 2852 Hispania,
908 2769 964 2850 qui
981 2769 1064 2833 bello
1079 2768 1189 2832 domiti
1208 2791 1242 2833 se
1254 2767 1305 2832 Ti.
1329 2781 1342 2828 1

282 2861 431 2927 Graccho
454 2860 656 2937 dediderant,
678 2862 784 2946 pacati
806 2873 988 2926 manserant
1004 2862 1054 2926 M.
1072 2861 1192 2927 Titinio
1213 2884 1306 2947 prae·
1399 2910 1403 2919 .

279 2967 348 3020 tore
361 2956 523 3039 optinente
541 2956 746 3040 provinciam,
764 2956 957 3021 rebellarunt
975 2956 1035 3022 sub
1053 2958 1226 3022 adventum
1239 2957 1304 3041 Ap.
1414 2974 1418 2981 '

282 3047 413 3125 Claudi,
436 3050 563 3131 orsique
586 3049 705 3115 bellum
728 3050 864 3115 suntab
887 3052 1052 3136 repentina
1070 3050 1306 3137 oppugnatione

281 3155 455 3207 cast-rorum
463 3142 691 3207 Romanorum.
718 3144 821 3228 prima
834 3145 890 3208 lux
903 3145 1004 3211 ferme
1014 3156 1090 3222 erat,
1107 3167 1180 3211 cum
1193 3144 1305 3228 vigiles
1325 3153 1339 3199 2

280 3238 314 3301 in
331 3237 414 3301 vallo
428 3236 547 3320 quique
564 3237 599 3300 in
614 3248 778 3323 portarum
793 3238 982 3303 stationibus
1001 3250 1099 3314 erant,
1119 3260 1192 3303 cum
1209 3236 1307 3301 vidis·

282 3343 352 3394 sent
370 3329 480 3415 procul
498 3331 678 3396 venientem
695 3330 834 3409 hostem,
853 3332 894 3396 ad
912 3355 1000 3397 arma
1018 3333 1305 3396 conclamaverunt.

281 3424 347 3508 Ap.
367 3420 523 3488 Claudius
542 3424 633 3508 signo
651 3426 814 3509 proposito
831 3448 974 3511 pugnae,
992 3424 1103 3508 paucis
1122 3423 1307 3486 adhortatus
1326 3434 1342 3478 3

283 3518 415 3593 milites,
451 3517 553 3580 tribus
585 3518 680 3582 simul
710 3516 810 3602 portis
840 3518 959 3582 eduxit.
1013 3516 1239 3581 obsistentibus
1267 3514 1309 3577 ad

286 3610 406 3674 exitum
425 3606 594 3673 Celtiberis
612 3610 714 3694 primo
728 3632 788 3694 par
800 3611 959 3692 utrimque
977 3609 1132 3694 proelium
1145 3607 1216 3684 fuit,
1233 3604 1311 3689 quia

285 3714 415 3788 propter
438 3703 600 3786 angustias
621 3724 687 3766 non
708 3724 817 3767 omnes
838 3703 873 3766 in
890 3701 1037 3767 faucibus
1060 3724 1204 3787 pugnare
1221 3711 1311 3785 pote-

284 3807 358 3861 rant
371 3796 508 3861 Romani
514 3820 523 3873 ;
541 3808 713 3882 urguentes
732 3796 846 3862 deinde
865 3796 907 3860 ali
924 3796 1003 3861 alios
1021 3795 1123 3861 sicubi
1141 3805 1310 3861 evaserunt
1326 3809 1343 3856 4

286 3902 377 3955 extra
403 3891 536 3967 vallum,
563 3901 598 3954 ut
624 3889 764 3975 pandere
791 3890 892 3955 aciem
914 3900 944 3955 et
968 3890 1140 3974 exaequari
1162 3888 1309 3954 cornibus

285 3985 435 4062 hostium,
454 3985 570 4068 quibus
584 3984 840 4062 circumibantur,
859 3995 997 4069 possent,
1014 3985 1060 4050 ita
1077 3995 1207 4070 repente
1222 3984 1310 4048 inru-

285 4090 416 4165 perunt,
435 4091 471 4143 ut
488 4080 643 4145 sustinere
660 4078 815 4163 impetum
833 4100 943 4144 eorum
962 4076 1116 4145 Celtiberi
1131 4078 1308 4163 nequirent.

287 4184 360 4238 ante
387 4172 498 4238 horam
523 4173 697 4238 secundam
722 4172 807 4258 pulsi
833 4183 922 4250 sunt3
950 4173 991 4236 ad
1017 4173 1197 4256 quindecim
1223 4171 1345 4235 miliar

288 4266 398 4354 [caesa
415 4264 485 4353 aut]
504 4280 607 4355 capta,
626 4268 718 4355 signa
735 4268 885 4354 adempta
903 4268 967 4331 duo
985 4279 1015 4333 et
1034 4266 1171 4354 triginta.
1208 4276 1311 4331 castra
