3384 4975
260 510 263 516 Ι
348 557 390 622 86
578 567 695 625 LIBER
712 567 871 639 XXXXII,
891 568 932 623 67.
952 569 1135 639 [annosa]

312 728 454 811 sitaque
481 726 704 790 dimittendum
728 721 835 810 Cotyn
857 724 899 788 ad
922 747 980 788 sua
1003 726 1122 789 tuenda
1140 738 1228 790 ratus
1246 729 1376 814 magnis

345 821 598 907 proficiscentem
622 819 713 884 donis
734 819 946 905 prosequitur.
1000 819 1137 884 ducenta
1162 820 1298 899 talenta,
1327 846 1378 888 se-

345 926 461 980 mestre
476 913 678 999 stipendium,
688 912 843 997 equitatui
856 923 1012 990 numerat,
1027 935 1099 979 cum
1114 912 1216 999 primo
1230 938 1377 982 annuum

346 1010 421 1075 dare
440 1009 661 1074 constituisset

312 1123 326 1169 o
410 1099 534 1168 Consul
550 1112 720 1188 postquam
737 1101 917 1187 profectum
933 1101 1054 1166 Persea
1072 1100 1204 1181 audivit,
1224 1103 1266 1168 ad
1283 1103 1375 1171 Gon·

274 1198 277 1203 '
344 1220 422 1262 num
445 1209 548 1262 castra
573 1206 695 1274 movet,
722 1196 749 1260 si
770 1195 866 1281 potiri
889 1195 1005 1280 oppido
1031 1206 1148 1280 posset.
1201 1209 1276 1263 ante
1304 1199 1376 1285 ipsa

344 1291 467 1375 Tempe
484 1291 518 1354 in
540 1289 687 1354 faucibus
711 1289 808 1353 situm
824 1289 1036 1355 Macedoniae
1054 1290 1192 1354 claustra
1213 1292 1374 1358 tutissima

344 1384 491 1468 praebet,
515 1394 546 1448 et
562 1383 596 1448 in
614 1382 814 1448 Thessaliam
832 1393 1046 1469 opportunum
1063 1382 1301 1450 Macedonibus
1320 1386 1374 1453 de·

312 1499 325 1543 r
346 1499 484 1542 cursum.
529 1500 602 1543 cum
620 1487 652 1542 et
674 1478 744 1542 loco
765 1488 796 1542 et
813 1478 971 1563 praesidio
989 1477 1095 1542 valido
1112 1478 1374 1564 inexpugnabilis

346 1569 435 1657 [arx]
458 1581 555 1648 esset,
582 1570 707 1636 abstitit
725 1571 862 1656 incepto.
905 1572 939 1635 in
956 1569 1184 1636 Perrhaebiam
1206 1573 1299 1638 flexis
1323 1575 1374 1639 iti·

344 1666 474 1729 neribus
491 1665 633 1730 Malloea
655 1665 757 1749 primo
780 1665 901 1750 impetu
920 1676 1014 1750 capta
1032 1686 1068 1729 ac
1087 1665 1225 1750 direpta,
1248 1667 1374 1754 Tripoli

213 1785 215 1790 ·
311 1778 326 1824 8
346 1757 470 1841 aliaque
484 1757 681 1823 Perrhaebia
697 1768 826 1842 recepta
839 1757 987 1823 Larisam
1004 1759 1108 1823 rediit.
1135 1759 1210 1825 inde
1223 1759 1374 1828 Eumene

345 1862 441 1935 atque
458 1852 570 1916 Attalo
592 1853 722 1918 domum
744 1852 884 1918 remissis
901 1853 1063 1938 Misageni
1086 1853 1302 1940 Numidisque
1325 1855 1374 1921 hi-

344 1945 444 2010 berna
460 1945 495 2010 in
511 1947 675 2032 proxumis
689 1946 852 2012 Thessalis
870 1947 1003 2012 urbibus
1021 1947 1180 2013 distribuit
1198 1960 1230 2014 et
1247 1961 1373 2036 partem

344 2039 501 2104 exercitus
517 2040 563 2105 ita
584 2063 641 2126 per
658 2051 758 2105 totam
775 2037 975 2106 Thessaliam
994 2039 1115 2118 divisit,
1134 2052 1220 2106 utet
1238 2042 1373 2110 hiberna

344 2136 512 2200 commoda
537 2158 647 2201 omnes
674 2135 886 2201 haberentet
912 2134 1070 2219 praesidio
1096 2135 1230 2200 urbibus
1255 2148 1371 2203 essent.

311 2245 325 2291 9
346 2226 388 2308 Q.
402 2229 550 2294 Mucium
566 2230 710 2314 legatum
728 2251 801 2294 cum
817 2229 943 2294 duobus
961 2228 1089 2293 milibus
1104 2228 1145 2293 ad
1163 2230 1373 2313 optinendam

344 2321 551 2386 Ambraciam
576 2323 676 2398 misit,
703 2321 902 2387 Graecarum
929 2321 1104 2386 civitatium
1130 2323 1232 2388 socios
1259 2345 1372 2391 omnes

344 2424 469 2498 praeter
485 2415 634 2479 Achaeos
653 2415 771 2478 dimisit
784 2415 905 2479 consul.
928 2436 1001 2479 cum
1016 2416 1171 2480 exercitus
1189 2429 1280 2504 parte
1297 2441 1373 2505 pro·

344 2508 447 2573 fectus
473 2509 507 2573 in
527 2509 687 2576 Achaiam
708 2510 901 2589 Phthiotim‚
926 2511 1076 2576 Pteleum
1103 2513 1265 2579 desertum
1291 2516 1373 2604 fuga

344 2602 576 2687 oppidanorum
607 2604 705 2670 dimit
731 2629 750 2669 a
776 2605 1005 2682 fundamentis,
1032 2607 1179 2671 Antrona
1205 2608 1371 2675 voluntate

294 2713 326 2760 10
344 2696 549 2762 incolentium
570 2699 698 2785 recepit.
744 2701 786 2764 ad
803 2698 951 2764 Larisam
976 2699 1090 2765 deinde
1112 2702 1287 2766 exercitum
1315 2704 1372 2767 ad·

343 2790 452 2854 movit.
474 2792 551 2854 urbs
570 2791 695 2858 deserta
712 2805 793 2869 erat3
812 2794 846 2856 in
864 2816 970 2857 arcem
988 2793 1090 2858 omnis
1107 2794 1277 2859 multitudo
1295 2817 1372 2861 con-

294 2900 324 2945 11
344 2895 481 2946 cesserat
487 2908 496 2959 3
529 2906 599 2947 carn
632 2906 818 2971 oppugnare
850 2886 1044 2971 adgreditur.
1100 2887 1196 2971 primi
1226 2889 1372 2954 omnium

342 2974 550 3052 Macedones,
567 2978 694 3062 regium
710 2979 914 3063 praesidium,
931 2989 1019 3045 metu
1034 2992 1246 3059 excesserant3
1265 3006 1285 3047 a
1298 2984 1371 3067 qui-

342 3067 403 3131 bus
421 3067 522 3133 relicti
540 3070 690 3155 oppidani
708 3072 742 3135 in
760 3072 953 3138 deditionem
967 3074 1126 3157 extemplo
1140 3074 1281 3140 veniunt.
1309 3077 1371 3142 du-

342 3160 437 3224 bitari
455 3161 539 3239 inde,
559 3174 666 3228 utrum
683 3164 866 3232 Demetrias
885 3167 973 3253 prius
992 3167 1208 3252 adgredienda
1225 3169 1309 3236 foret
1327 3195 1370 3236 an

293 3271 324 3318 12
343 3255 375 3317 iu
402 3255 537 3320 Boeotia
564 3258 764 3342 aspiciendae
790 3283 849 3325 res.
903 3260 1065 3337 Thebani,
1095 3262 1285 3327 vexantibus
1313 3286 1369 3330 eos

344 3345 534 3428 Coronaeis,
560 3350 594 3419 in
611 3352 780 3418 Boeotiam
798 3354 1009 3419 arcessebant.
1055 3354 1095 3418 ad
1114 3354 1225 3418 horum
1242 3378 1368 3439 preces,

343 3443 418 3526 quia
435 3443 575 3509 hibernis
593 3446 695 3532 aptior
712 3448 801 3533 regio
820 3469 918 3531 quam
930 3447 1100 3533 Magnesia
1119 3459 1196 3525 erat,
1213 3447 1246 3511 in
1260 3447 1370 3517 Boeo·

342 3538 420 3601 tiam
439 3538 539 3603 duxit.
