3384 4975
338 543 383 609 24
548 550 667 607 aman
683 549 828 619 xxxxr,
845 549 945 603 atas.
965 548 1147 616 [aaasao]

340 725 406 777 tem
423 710 485 776 hoo
504 711 760 782 decemeremus3
783 706 862 788 quid
879 704 1032 781 Perseus,
1054 726 1156 768 novus
1173 728 1245 783 rex,
1263 711 1365 773 omnis

341 805 474 869 iniuriae
492 804 614 879 insons,
633 822 691 866 suo
711 800 864 864 beneficio
881 810 1029 883 paternas
1047 799 1223 866 simultates
1241 801 1366 868 oblitte-

292 922 322 968 12
340 922 424 974 rans,
438 897 563 973 meruit,
577 918 634 960 cur
647 895 706 960 soli
719 894 862 958 omnium
871 892 977 957 hostes
992 893 1022 957 ei
1036 893 1153 958 simus?
1170 916 1366 980 quamquam

341 1002 374 1057 et
385 990 465 1055 illu'd
478 991 582 1054 dicere
599 999 754 1074 poteram,
772 997 861 1050 tanta
874 986 1014 1071 priorum
1027 986 1239 1052 Macedoniae
1251 1012 1366 1074 regum

340 1086 453 1149 merita
470 1106 547 1169 erga
563 1103 621 1146 nos
640 1082 749 1156 fuisse,
767 1091 803 1144 ut
812 1080 954 1164 Philippi
972 1081 1066 1143 unius
1083 1080 1225 1156 iniurias,
1243 1083 1270 1146 si
1283 1103 1367 1165 quae

292 1201 322 1248 13
341 1179 422 1243 forte
439 1177 583 1252 fuerunt,
604 1175 715 1256 utique
731 1183 805 1257 post
820 1184 955 1236 mortem
974 1170 1115 1256 [elevent
1130 1221 1138 1237 .
1152 1173 1367 1261 meministis,]

340 1295 415 1337 cum
437 1271 548 1337 classis
565 1269 712 1333 Romana
731 1264 904 1330 Cenchreis
923 1276 1032 1343 staret,
1057 1268 1168 1331 consul
1185 1291 1258 1332 cum
1275 1292 1370 1335 exer-

342 1367 406 1430 citu
424 1363 557 1428 Elateae
575 1371 669 1436 esset,
686 1360 827 1424 triduum
844 1380 903 1423 nos
920 1360 954 1422 in
972 1360 1106 1425 concilio
1123 1361 1222 1426 finisse
1241 1365 1368 1428 consul-

293 1483 325 1528 14
342 1458 454 1534 tantis,
471 1466 578 1519 utrum
595 1454 757 1519 Romanos
775 1473 818 1517 au
834 1452 1021 1538 Philippum
1040 1475 1253 1536 sequeremur.
1288 1457 1367 1522 nihil

342 1561 446 1616 metus
463 1571 615 1636 praesens
632 1548 674 1611 ab
691 1547 844 1612 Romanis
864 1547 1035 1612 sententiaa
1053 1560 1176 1612 nostras
1193 1550 1367 1628 inclinarit;

341 1646 402 1709 fuit
416 1655 501 1709 certe
515 1654 622 1707 tamen
636 1641 765 1723 aliquid,
784 1640 872 1724 quod
884 1650 951 1705 tam
963 1641 1092 1726 longam
1107 1642 1367 1709 deliberationem

273 1814 283 1829 Ι
321 1738 470 1802 'faceret
514 1736 547 1800 id
569 1735 647 1818 quid
665 1735 751 1801 erat?
776 1744 903 1799 vetusta
920 1734 1100 1799 coniunctio
1123 1756 1195 1800 cum
1214 1737 1370 1802 Macedo·

294 1854 325 1900 15
342 1831 449 1909 nibus,
466 1842 575 1895 vetera
592 1840 625 1894 et
640 1851 759 1914 magna
775 1829 809 1892 in
826 1849 885 1893 nos
902 1851 1015 1913 regum
1032 1829 1155 1894 merita.
1190 1831 1317 1896 valeant
1336 1842 1368 1897 et

342 1925 553 1990 nunc‘eadem
565 1924 630 1998 illa,
646 1944 712 1986 non
724 1932 761 1986 ut
774 1921 944 2006 praecipue
957 1922 1061 1998 amici,
1079 1934 1127 1986 set
1139 1946 1180 1987 ne
1197 1925 1368 2008 praecipue

253 2092 255 2097 ¹
342 2017 462 2083 inimici
480 2019 588 2082 simus.
623 2040 664 2081 ne
681 2016 714 2080 id
732 2015 820 2098 quod
836 2037 901 2078 non
919 2015 1034 2100 agitur,
1055 2013 1252 2095 Callicrates,
1271 2020 1369 2083 simu·

342 2112 514 2176 laverimus
535 2111 602 2194 agi3
629 2131 722 2174 nemo
743 2131 846 2173 novae
864 2109 1023 2173 societatis
1047 2119 1103 2172 aut
1122 2111 1199 2174 novi
1220 2111 1369 2189 foederis,

294 2227 324 2274 16
343 2228 408 2290 quo
425 2228 483 2270 nos
501 2217 620 2270 temere
643 2204 828 2288 inligamus,
855 2203 1075 2268 conscribendi
1093 2216 1141 2268 est
1164 2216 1288 2282 auctor,
1312 2206 1368 2270 sed

344 2298 569 2363 commercium
586 2308 711 2361 tantum
728 2297 805 2360 iuris
822 2296 996 2380 praebendi
1013 2298 1241 2382 repetendique
1258 2298 1309 2375 sit,
1326 2322 1369 2364 ne

343 2390 563 2454 interdictione
589 2390 701 2452 finium
736 2399 919 2452 nostrorum
943 2409 1002 2453 nos
1028 2410 1156 2472 quoque
1184 2403 1216 2456 et
1244 2404 1369 2456 nostros

344 2505 444 2569 regno
466 2505 645 2559 arceamus,
671 2506 712 2547 ne
734 2482 834 2547 servis
858 2483 974 2547 nostris
997 2482 1103 2567 aliquo
1126 2485 1240 2570 fugere
1265 2487 1370 2552 liceat.

296 2601 326 2646 17
345 2579 424 2662 quid
446 2576 508 2641 hoc
531 2577 683 2642 adversus
701 2576 847 2641 Romana
870 2576 1001 2641 foedera
1022 2578 1090 2641 est?
1112 2579 1189 2660 quid
1206 2601 1274 2643 rem
1296 2603 1370 2664 par-

345 2696 420 2739 vam
446 2683 478 2738 et
503 2684 646 2758 apertam
672 2694 822 2757 magnam
845 2682 878 2736 et
903 2682 1084 2756 suspectam
1107 2672 1261 2737 facimus?
1291 2673 1370 2757 quid

296 2787 327 2835 18
345 2789 445 2832 vanos
468 2769 623 2831 tumultus
646 2766 785 2831 ciemus?
814 2765 894 2848 quid
913 2777 950 2829 ut
971 2766 1033 2849 ipsi
1055 2767 1160 2830 locum
1182 2767 1369 2832 adsentandi
1403 2841 1407 2847 ¹

345 2860 500 2924 Romanis
518 2860 703 2935 habeamus,
721 2868 886 2944 suspectos
899 2858 976 2922 ahos
995 2859 1178 2943 invisosque
1194 2861 1370 2926 efficimus?

347 2953 374 3016 si
391 2953 510 3017 bellum
528 2952 602 3027 erit,
624 2974 665 3016 ne
682 2951 821 3016 Perseus
845 2952 975 3035 quidem
994 2952 1132 3030 dubitat,
1155 2955 1233 3037 quin
1250 2955 1372 3020 Roma·

346 3067 405 3110 nos
423 3044 562 3109 secuturi
579 3045 687 3108 simus.
723 3044 757 3107 in
777 3066 857 3129 pace
875 3045 971 3110 etiam
990 3045 1016 3130 si
1033 3069 1099 3112 non
1115 3048 1269 3113 finiuntur
1286 3050 1372 3126 odia,

298 3159 328 3207 19
346 3138 614 3204 intermittantur?
641 3138 816 3202 cumidem
834 3138 909 3202 huic
921 3139 1065 3217 orationi,
1083 3141 1138 3224 qui
1155 3141 1267 3207 litteris
1283 3144 1371 3228 regis

347 3230 581 3308 adsensionem,
592 3230 833 3308 adsentirentur,
847 3232 1065 3317 indignatione
1079 3235 1268 3319 principum,
1282 3237 1372 3318 quod

347 3348 444 3410 quam
465 3349 533 3391 rem
554 3348 595 3391 ne·
615 3326 775 3411 legatione
798 3325 928 3409 quidem
951 3326 1081 3412 dignam
1102 3329 1274 3394 iudicasset
1289 3329 1374 3395 Per-

347 3444 437 3498 seus,
468 3419 580 3484 litteris
606 3441 782 3504 paucorum
806 3442 958 3485 versuum
982 3421 1180 3507 impetraret,
1208 3423 1372 3487 decretum

296 3537 328 3584 ro
347 3516 502 3581 differtur.
546 3513 644 3600 legati
667 3513 781 3579 deinde
799 3524 910 3599 postea
932 3514 1021 3579 missi
1038 3515 1080 3580 ab
1097 3537 1187 3600 rege,
1206 3537 1279 3579 cum
1296 3515 1374 3580 Me·

346 3609 486 3695 galopoli
507 3609 675 3674 concilium
700 3618 799 3685 esset,
826 3607 964 3691 dataque
986 3631 1084 3695 opera
1105 3621 1154 3675 est
1175 3610 1216 3673 ab
1233 3608 1287 3685 iis,
1315 3609 1373 3693 qui

347 3703 554 3769 offensionem
571 3713 650 3787 aput
666 3703 830 3768 Romanos
847 3701 1012 3777 timebant,
1029 3726 1071 3767 ne
1089 3702 1340 3767 admitterentur.

317 3817 329 3861 1
411 3796 527 3861 XXV.
555 3795 621 3860 Per
637 3796 718 3861 haec
740 3807 885 3879 tempora
901 3795 1093 3860 Aetolorum
1113 3794 1147 3857 in
1164 3808 1264 3861 semet
1284 3795 1374 3883 ipsos

348 3911 459 3953 versus
476 3890 566 3953 furor
581 3891 700 3953 mutuis
718 3889 871 3955 caedibus
887 3888 930 3951 ad
951 3888 1196 3952 internecionem
1215 3891 1375 3957 adductu-

317 4001 331 4047 2
349 4002 404 4045 rus
426 3981 593 4046 videbatur
613 3994 752 4067 gentem.
796 3980 875 4046 fessi
892 3980 1006 4045 deinde
1028 3990 1060 4045 et
1076 3979 1213 4047 Romam
1235 3997 1375 4070 utraque

349 4095 423 4159 pars
445 4072 597 4139 miserunt
621 4076 746 4162 legatos
768 4087 800 4141 et
827 4074 910 4138 inter
933 4095 967 4138 se
992 4072 1054 4157 ipsi
1076 4074 1116 4139 de
1136 4080 1372 4145 reconcilianda

350 4165 519 4234 concordia
541 4170 693 4251 agebant,
716 4191 800 4253 quae
821 4188 907 4233 novo
925 4166 1065 4232 facinore
1083 4169 1225 4237 discussa
1246 4197 1297 4237 res
1314 4197 1371 4240 ve-

317 4284 332 4331 3
350 4274 433 4329 teres
446 4258 541 4325 etiam
555 4259 618 4325 iras
632 4263 789 4328 excitavit.
816 4259 964 4327 exulibus
979 4261 1165 4346 Hypataeis,
1184 4266 1241 4349 qui
1258 4268 1373 4332 factio-
