3384 4975
387 525 452 591 208
508 533 729 591 PERIOCHAE
745 531 949 589 LIBRORUM
967 530 1290 588 LXVIIII—LXXIII.

387 677 480 733 fectus
498 679 548 729 est.
576 673 610 738 Q.
625 673 764 729 Caecilius
777 672 910 728 Metellus
928 673 964 727 ab
978 671 1060 728 exilio
1073 671 1102 724 iu
1124 669 1182 724 enti
1195 669 1280 723 totius
1294 671 1417 727 civitatis

388 746 484 800 lavore
493 743 624 798 reductus
634 748 684 798 est.
703 742 749 797 Μ’.
759 741 890 813 Aquilius
898 741 1084 813 proconsulin
1114 739 1416 796 iciliabellumserrile

388 811 679 870 excitatumconfecit.

808 881 919 923 axam.
932 882 998 922 tax.

440 950 510 1007 Cum
524 949 571 1004 Μ’.
584 948 714 1019 Aquilius
732 949 767 1003 de
800 950 907 1004 ecuniis
918 947 1080 1018 repetundis
1095 963 1208 1001 causam
1222 946 1340 1016 diceret,
1354 947 1416 1018 ipse

388 1021 495 1075 indices
503 1035 603 1091 rogare
612 1017 711 1072 noluit.
729 1015 767 1070 M.
777 965 925 1086 Rntonius,
935 1017 983 1087 qui
992 1033 1042 1086 pro
1052 1032 1085 1071 eo
1095 1015 1253 1085 perorabat,
1264 1015 1388 1070 tunicam
1399 1033 1416 1069 a

388 1083 1417 1212 ‘’tttl‘lidiihtffltttltmltttsstldtdttmittitis

389 1174 602 1212 accuses.
654 1172 711 1208 rer
745 1172 865 1210 ersre1
925 1172 957 1207 us
1069 1192 1075 1206 .
1130 1193 1137 1205 .

389 1227 521 1280 aduersus
531 1224 686 1281 Celtiberos
695 1222 816 1278 feliciter
823 1223 969 1294 pugnavit.
987 1222 1165 1276 Ptolemaeus
1175 1170 1347 1292 Cyrenlirum
1357 1240 1414 1290 rex,

388 1294 433 1349 cui
448 1297 662 1364 cognomentum
670 1291 788 1361 Apionis
801 1291 868 1360 fuit,
883 1296 1007 1345 mortuus
1021 1289 1153 1344 heredem
1166 1289 1300 1361 populum
1313 1289 1416 1344 Roma-

387 1380 454 1416 num
476 1362 601 1432 reliquit,
624 1367 654 1415 et
672 1361 731 1414 eius
748 1377 778 1414 rc
821 1360 827 1372 '
847 1359 974 1414 civitates
992 1363 1107 1414 senatus
1124 1358 1229 1412 liberas
1248 1375 1308 1413 esse
1327 1359 1416 1411 iussit.

388 1431 593 1485 Ariobarzanes
607 1429 637 1482 in
649 1446 768 1500 regnum
801 1429 974 1498 appadociae
985 1427 1044 1482 aL.
1055 1426 1184 1482 Cornelio
1195 1425 1275 1497 Sylla
1283 1426 1416 1480 reductus

387 1504 440 1554 est.
466 1500 633 1553 Parthorum
646 1498 672 1552 le
695 1497 735 1550 ati
744 1513 762 1550 a
770 1513 837 1569 rege
846 1498 953 1555 Arsace
966 1496 1043 1550 missi
1056 1495 1239 1550 veneruntad
1249 1493 1371 1565 Syllam,
1384 1502 1417 1548 ut

389 1566 540 1623 amicitiam
553 1565 650 1637 populi
690 1565 783 1620 omani
816 1570 932 1620 sterent.
957 1565 991 1619 P.
1000 1564 1135 1633 Rutilius,
1149 1564 1192 1617 vir
1205 1577 1328 1617 sammaa
1337 1564 1415 1618 inno-

389 1636 511 1706 centiae,
526 1636 657 1706 quoniam
670 1634 782 1706 legatus
794 1583 830 1697 ὃ.
843 1633 920 1688 Muci
933 1633 1106 1705 proconsulis
1120 1649 1138 1687 a
1149 1632 1363 1703 publicanorum
1374 1634 1415 1686 in·

311 1758 314 1765 ,
389 1704 570 1760 iuriisAsiam
581 1703 746 1758 defenderat
764 1702 869 1756 inrisus
879 1701 999 1772 equestri
1009 1701 1109 1770 ordini,
1124 1718 1210 1771 penes
1220 1717 1303 1770 quem
1312 1700 1416 1756 iudicia

388 1778 482 1843 erant,
499 1791 529 1828 re
551 1772 716 1828 etundarum
734 1743 883 1825 damnatus
895 1771 925 1825 in
938 1771 1050 1826 exilium
1063 1770 1162 1824 missus
1176 1775 1227 1824 est.
1255 1767 1286 1824 C.
1303 1768 1415 1824 Sentius

389 1847 503 1911 praetor
515 1791 647 1896 adversus
660 1839 786 1894 Thracas
799 1839 949 1894 infeliciter
961 1839 1106 1911 pugnavit.
1133 1843 1247 1893 senatus
1261 1855 1324 1892 cum
1336 1840 1415 1920 inpo-

389 1912 507 1965 tentiam
521 1908 656 1991 equestris
666 1907 769 1962 ordinis
778 1907 808 1962 in
817 1907 928 1962 iudiciis
937 1908 1097 1963 exercendis
1106 1907 1179 1963 ferre
1188 1907 1289 1976 nollet,
1305 1926 1379 1962 omnr
1388 1908 1416 1960 vi

389 1979 457 2033 eniti
472 1983 578 2049 coeprt,
591 1984 623 2032 ut
637 1977 674 2031 ad
688 1993 717 2032 se
728 1976 832 2031 iudicia
840 1976 1012 2046 transferret,
1023 1976 1176 2031 sustinente
1185 1993 1298 2030 causam
1308 1977 1367 2032 eius
1376 1977 1414 2030 M.

389 2047 469 2102 Livio
478 2048 571 2101 Druso
580 2046 692 2100 tribuno
701 2045 806 2116 plebis,
821 2045 878 2125 qui,
892 2050 924 2099 ut
932 2046 1004 2100 vires
1015 2045 1068 2099 sibi
1078 2045 1245 2115 adquireret,
1259 2045 1416 2115 perniciosa

388 2133 439 2186 spe
447 2116 627 2188 largitionum
635 2115 747 2185 plebem
756 2113 914 2169 concitavit.
941 2118 1088 2184 praeterea
1097 2119 1187 2168 motus
1198 2113 1295 2184 Syriae
1305 2131 1415 2184 regum-

390 2203 444 2255 que
454 2185 586 2239 continet.

803 2253 843 2294 ax
856 2254 912 2294 nra.
926 2254 1004 2295 ιω.

440 2319 479 2374 Μ.
488 2319 584 2373 Livius
592 2319 702 2374 Drusus
709 2320 837 2373 tribunus
845 2317 950 2389 plebis,
961 2335 1015 2389 quo
1025 2318 1176 2374 maioribus
1189 2319 1290 2374 viribus
1299 2323 1414 2374 senatus

390 2405 504 2442 causam
518 2393 677 2468 susceptam
691 2391 828 2455 tueretur,
843 2386 933 2441 socios
948 2392 976 2441 et
984 2387 1099 2442 Italicos
1107 2388 1226 2458 populos
1235 2405 1283 2459 spe
1293 2387 1414 2441 civitatis

389 2456 534 2511 Romanae
549 2456 721 2525 solllcitavit,
737 2455 832 2525 eisquc
847 2455 1045 2510 adiuvantibus
1053 2473 1104 2528 per
1112 2456 1168 2511 vim
1177 2456 1287 2530 legibus
1297 2456 1415 2528 agrariis

389 2525 634 2595 frumentariisque
646 2524 712 2579 latis
724 2525 900 2579 iudiciariam
913 2541 1023 2595 quoque
1041 2526 1169 2595 pertulit,
1183 2532 1216 2581 ut
1233 2543 1323 2596 aequa
1335 2531 1416 2596 parte

390 2594 494 2649 iudicia
510 2610 598 2666 penes
616 2598 743 2649 senatum
756 2598 785 2648 et
799 2597 956 2663 equestrem
969 2594 1094 2649 ordinem
1108 2600 1209 2649 essent.
1234 2612 1301 2649 cum
1315 2595 1416 2650 deinde

390 2663 527 2733 promissa
536 2662 617 2717 sociis
626 2662 722 2717 civitas
732 2662 869 2731 praestari
877 2679 934 2715 non
943 2668 1046 2731 posset,
1057 2663 1121 2717 irati
1129 2662 1222 2734 Italici
1232 2662 1418 2718 defectionem

391 2732 499 2803 agitare
514 2736 674 2812 coeperunt.
701 2748 796 2785 eorum
810 2731 899 2785 coitus
914 2731 1173 2800 coniurationesque
1188 2737 1217 2785 et
1230 2732 1369 2787 orationes
1386 2734 1418 2786 in

390 2801 513 2853 consiliis
525 2800 615 2870 princi
635 2799 858 2853 umreferuntur.
880 2804 999 2879 propter
1008 2815 1080 2869 quae
1089 2799 1185 2853 Livius
1194 2799 1304 2855 Drusus
1312 2802 1417 2854 invisus

390 2869 475 2948 etiam
485 2868 595 2989 senqtui
603 2818 696 2921 lictus
704 2868 781 2921 velut
789 2868 902 2922 socialis
910 2867 979 2921 belli
988 2874 1093 2937 auctor,
1099 2868 1234 2922 incertum
1245 2886 1262 2923 a
1272 2885 1335 2939 quo,
1343 2870 1418 2923 domi

391 2952 559 2991 occrsuses.

798 3006 839 3046 ax
852 3007 910 3046 arn.
923 3007 1010 3048 saxu.

441 3070 535 3124 Italici
552 3070 650 3140 populi
667 3070 830 3125 defecerunt
845 3071 990 3139 Picentes,
1009 3072 1131 3141 Vestini,
1156 3072 1256 3142 Marsi,
1275 3073 1355 3128 Paeli
1378 3074 1416 3142 ni,

390 3138 550 3206 Marrucini,
562 3137 833 3208 Samnites,Lueani.
852 3139 931 3195 initio
940 3140 1009 3195 belli
1019 3141 1209 3196 aPicentibus
1217 3148 1302 3210 moto,
1313 3092 1417 3206 aier-

389 3207 472 3261 vilius
489 3207 639 3277 proconsul
656 3207 685 3260 in
699 3207 802 3278 oppido
815 3208 921 3263 Asculo
935 3226 997 3263 cum
1010 3210 1138 3264 omnibus
1153 3211 1259 3264 civibus
1272 3211 1416 3280 Romanis,

391 3276 1418 3403 adl.⁰3⁰ltlltt²tlt⁰tlttddaltlltzltltldffll

391 3414 601 3491 devertebatur,
610 3363 827 3535 [eqcaptilitate
840 3385 969 3495 rece'ptus
983 3420 1034 3470 est.
1060 3366 1199 3470 Aesemils)
1211 3421 1240 3471 et
1252 3364 1417 3470 llbaqcolo·

390 3482 455 3538 niae
465 3483 502 3537 ab
509 3482 642 3536 ltalicrso
663 3499 755 3538 cessae
765 3488 837 3537 sunt.
857 3483 960 3538 auxrlia
970 3484 1072 3539 deinde
1080 3483 1177 3538 Latini
1185 3484 1417 3538 nominisextera-

389 3567 506 3623 rumque
521 3550 645 3623 gentium
658 3551 743 3605 missa
752 3552 855 3621 populo
862 3551 990 3607 Romano
1000 3558 1029 3608 et
1037 3552 1226 3624 expeditiones
1235 3552 1264 3605 in
1273 3552 1361 3607 vicem
1371 3570 1417 3608 ex·

390 3620 633 3693 pugnationesque
643 3619 753 3674 urbium
761 3619 929 3675 referuntur.

792 3700 832 3740 ax
845 3701 901 3741 ara.
915 3702 1014 3742 axxnr.

442 3756 476 3809 L.
485 3756 573 3812 Iulius
582 3756 687 3812 Caesar
695 3756 793 3811 consul
801 3757 875 3813 male
886 3759 1018 3813 adversus
1028 3752 1166 3814 Samnites
1171 3758 1319 3840 pugnavit.
1343 3758 1418 3815 Nola

389 3826 501 3879 colonia
512 3825 542 3879 in
554 3830 723 3894 potestatem
738 3823 903 3882 Samnitium
915 3826 993 3880 venit
1006 3825 1039 3879 L.
1053 3826 1196 3881 Postumro
1210 3834 1352 3897 praetore,
1370 3828 1419 3898 qui
1495 3887 1498 3892 ,

391 3894 428 3947 ab
439 3893 479 3947 eis
488 3892 651 3949 interfectus
660 3899 711 3948 est.
733 3893 891 3962 complures
899 3893 996 3965 populi
1006 3893 1043 3947 ad
1051 3893 1146 3950 hostes
1156 3896 1326 3951 deiecerunt.
1355 3914 1419 3950 cum

391 3960 424 4013 P.
433 3960 555 4015 Rutilius
569 3962 666 4016 consul
677 3977 777 4083 garum
784 3977 919 4040 prospere
928 3961 1060 4015 adversus
1069 3961 1178 4017 Marsos
1187 3969 1342 4036 pugnasset
1351 3970 1380 4020 et
1389 3964 1420 4019 in

411 4028 497 4081 roelio
507 4030 662 4097 cecidisset,
703 4025 825 4082 ,Manus
834 4029 947 4101 legatus
955 4029 1015 4083 eius
1024 4029 1138 4087 meliore
1149 4039 1250 4087 eventu
1259 4050 1322 4086 cum
1330 4033 1418 4086 hosti-

390 4044 443 4147 lus
454 4095 513 4148 acie
523 4098 654 4151 conflixit.
673 4097 732 4153 Ser.
743 4094 883 4167 Sulpicius
891 4096 1042 4176 Paelignos
1051 4100 1157 4167 proelio
1166 4100 1248 4154 fudit.
1267 4100 1300 4164 Q.
1311 4100 1419 4171 Caepio

390 4161 503 4233 legatus
510 4164 599 4219 Itutili
612 4183 676 4220 cum
690 4166 819 4220 obsessus
832 4181 898 4235 pros
919 4181 965 4220 ere
977 4181 1007 4217 m
1019 4164 1114 4221 hostes
1123 4169 1261 4249 erupisset
1271 4176 1299 4224 et
1308 4169 1343 4222 ob
1354 4186 1419 4223 eum

391 4244 549 4285 successum
563 4238 713 4302 aequatum
726 4232 753 4287 ei
766 4249 828 4286 cum
843 4233 875 4288 O.
922 4231 980 4287 ario
994 4238 1068 4288 esset
1080 4234 1239 4306 impermm,
1254 4238 1419 4293 temerarius

224 4323 226 4328 ·
390 4297 483 4353 factus
505 4305 534 4354 et
555 4300 758 4356 circumventus
780 4300 887 4356 insidiis
908 4300 971 4356 fuso
990 4302 1112 4357 exercitu
1129 4304 1238 4359 cecidit.
1276 4305 1310 4358 L.
1329 4305 1420 4368 Iulius¹
