3384 4975
388 513 408 577 8
619 519 737 576 LIBER
753 517 897 589 XXXXI‚
917 518 942 572 8.
956 518 981 571 9.
1002 520 1076 586 [au.
1087 535 1110 571 c.
1121 517 1184 585 577]

389 682 487 767 legati
506 680 696 752 Sardorum,
723 678 778 758 qui
801 677 842 739 ad
859 697 959 738 novos
978 675 1181 759 magistratus
1205 675 1294 738 dilati
1316 690 1416 753 erant,

390 778 432 841 L.
454 775 618 840 Minucius
641 772 815 844 Thermus,
844 770 900 853 qui
925 769 1050 854 legatus
1076 769 1193 832 Manlii
1219 771 1356 834 consulis
1382 772 1416 835 in

365 906 375 938 s
391 871 515 935 Histria
532 869 650 942 fuerat,
667 866 700 930 in
718 875 865 930 senatum
882 862 979 928 venit.
1024 863 1065 926 ab
1083 863 1132 926 his
1151 863 1348 929 edoctus'est
1366 888 1417 930 se-

391 978 494 1039 natus,
513 973 668 1046 quantum
685 960 762 1024 belli
779 981 835 1024 eae
854 957 1035 1042 provinciae
1053 957 1216 1023 haberent.

358 1077 372 1124 6
455 1059 630 1122 Moverunt
649 1065 794 1119 senatum
812 1064 843 1116 et
860 1052 1036 1137 legationes
1056 1052 1177 1116 socium
1195 1053 1330 1116 nominis
1349 1053 1418 1118 La·

376 1153 462 1228 tini,
489 1173 571 1234 quae
596 1162 628 1215 et
654 1170 800 1213 censores
824 1156 857 1211 et
880 1146 1001 1232 priores
1024 1146 1169 1210 consules
1192 1146 1416 1231 fatigaverant,

358 1267 371 1311 7
391 1246 520 1311 tandem
534 1247 568 1309 in
583 1256 729 1308 senatum
741 1241 950 1304 introductae.
973 1263 1098 1304 summa
1112 1242 1324 1322 querellarum
1337 1254 1418 1317 erat,

391 1341 477 1404 cives
493 1361 568 1403 suos
577 1339 700 1402 Romae
715 1357 826 1400 censos
844 1334 1013 1419 plerosque
1022 1335 1159 1398 Romam
1175 1336 1416 1419 commigrasse:

391 1432 477 1516 quod
492 1433 518 1496 si
535 1431 745 1517 permittatur,
763 1429 931 1514 perpaucis
947 1427 1055 1491 lustris
1069 1428 1224 1504 futurum,
1242 1439 1278 1491 ut
1291 1429 1417 1495 deserta

358 1545 373 1592 8
392 1525 524 1610 oppida,
549 1524 666 1588 deserti
683 1523 753 1606 agri
770 1523 893 1586 nullum
911 1522 1043 1585 militem
1061 1521 1137 1585 dare
1153 1532 1292 1606 possent.
1337 1523 1417 1586 Fre-

390 1620 491 1705 gellas
509 1639 637 1701 quoque
660 1617 747 1680 milia
768 1626 919 1699 quattuor
942 1615 1135 1678 familiarum
1153 1615 1303 1679 transisse
1322 1615 1363 1679 ab
1381 1638 1416 1680 se

392 1713 552 1779 Samnites
570 1711 781 1795 Paelignique
804 1710 1019 1793 querebantur
1044 1730 1149 1791 neque
1171 1731 1209 1772 eo
1232 1710 1337 1772 minus
1360 1721 1417 1773 aut

357 1808 447 1873 ahos
471 1818 526 1871 aut
552 1806 623 1870 illos
649 1807 682 1869 in
704 1805 856 1869 dilectum
878 1803 1015 1867 militum
1039 1803 1124 1867 dare.
1169 1825 1288 1888 genera
1309 1813 1417 1868 autem

389 1901 511 1965 fraudis
529 1900 593 1964 duo
611 1899 784 1963 mutandae
802 1898 919 1962 viritim
937 1897 1072 1961 civitatis
1090 1897 1221 1961 inducta
1238 1908 1337 1961 erant.
1363 1898 1417 1961 lex

391 1995 483 2059 sociis
502 1992 570 2078 (ac)
587 1993 723 2056 nominis
741 1992 867 2067 Latini,
890 1991 945 2074 qui
968 1991 1097 2074 stirpem
1117 2014 1157 2054 ex
1175 2014 1244 2055 sese
1263 1991 1348 2054 domi
1365 2014 1417 2055 re-

389 2089 578 2170 linquerent,
598 2087 705 2163 dabat,
723 2096 760 2149 ut
777 2086 863 2151 cives
881 2085 1019 2150 Romani
1036 2085 1156 2148 fierent.
1189 2108 1227 2148 ea
1245 2085 1316 2169 lege
1333 2086 1417 2149 male

390 2182 509 2247 utendo
528 2181 582 2244 alii
596 2181 699 2257 sociis,
718 2180 771 2243 alii
789 2178 908 2264 populo
917 2179 1063 2242 Romano
1081 2178 1229 2242 iniuriam
1247 2178 1416 2243 faciebant.

341 2296 372 2342 10
389 2299 464 2339 nam
483 2286 515 2339 et
535 2297 576 2338 ne
600 2276 730 2358 stirpem
749 2274 835 2337 domi
858 2273 1088 2356 relinquerent,
1111 2272 1226 2336 liberos
1249 2294 1324 2336 suos
1346 2273 1417 2355 qui-

390 2369 568 2453 busquibus
587 2369 740 2433 Romanis
762 2369 885 2432 ineam
904 2368 1137 2443 condicionem,
1160 2380 1196 2432 ut
1212 2370 1417 2433 manumitte-

390 2475 515 2540 rentur,
547 2463 706 2547 mancipio
733 2462 867 2539 dabant,
897 2462 1099 2547 libertinique
1126 2463 1211 2528 cives
1239 2474 1359 2541 essent3
1386 2474 1417 2529 et

391 2558 512 2641 quibus
527 2558 640 2641 stirpes
659 2556 799 2634 deesset,
822 2579 920 2639 quam
942 2558 1170 2640 relinquerent,
1192 2569 1229 2622 ut
1247 2559 1332 2622 cives
1351 2551 1430 2622 Ra·

342 2670 371 2717 11
390 2654 477 2718 mani
494 2653 617 2729 fierent,
637 2650 662 2738 [
673 2700 681 2716 .
693 2700 701 2716 .
713 2650 749 2737 .].
784 2665 896 2738 postea
914 2652 963 2718 his
982 2675 1110 2737 quoque
1127 2653 1320 2737 imaginibus
1339 2653 1415 2716 iuris

392 2748 520 2832 spretis,
538 2747 718 2832 promiscue
737 2746 804 2811 sine
821 2748 904 2832 lege,
923 2748 991 2811 sine
1007 2747 1104 2831 stirpe
1121 2746 1156 2810 in
1173 2747 1333 2810 civitatem
1350 2746 1417 2809 Ro-

342 2858 372 2903 12
391 2864 518 2904 marram
536 2863 594 2923 per
610 2841 832 2924 migrationem
851 2853 881 2905 et
899 2863 1030 2905 censum
1048 2841 1234 2905 transibant.
1277 2839 1416 2904 haecne

390 2944 502 3017 postea
518 2933 632 2996 fierent
647 2934 800 3017 petebant
817 2933 916 3018 legati
934 2945 965 2998 et
982 2944 1018 2997 ut
1034 2935 1138 3000 redire
1154 2936 1189 3000 in
1207 2934 1349 3000 civitates
1366 2933 1417 2996 iu-

390 3027 502 3089 berent
524 3025 640 3101 socios3
667 3026 797 3103 deinde,
823 3041 859 3091 ut
880 3027 952 3112 lege
975 3039 1137 3103 caverent,
1160 3051 1200 3093 ne
1223 3029 1294 3111 quis
1318 3049 1415 3111 quem
1458 3091 1465 3102 ‚

392 3118 526 3184 civitatis
540 3120 711 3183 mutandae
726 3142 823 3184 causa
837 3144 931 3184 suum
945 3122 1064 3186 faceret
1073 3144 1153 3187 neve
1168 3123 1328 3198 alienaret,
1343 3132 1375 3186 et
1390 3122 1416 3184 si

391 3213 461 3296 quis
479 3212 524 3276 ita
542 3213 620 3276 civis
637 3213 801 3277 Romanus
820 3214 924 3279 factus
944 3228 1035 3293 esset,
1052 3207 1106 3294 [id
1122 3229 1228 3281 ratum
1246 3240 1286 3282 ne
1306 3214 1415 3299 esset]

390 3305 470 3371 haec
487 3306 656 3388 impetrata
673 3307 713 3370 ab
733 3318 855 3371 senatu.

358 3421 371 3465 1
455 3399 570 3465 VIIII.
597 3400 788 3466 Provinciae
806 3401 936 3478 deinde,
955 3424 1038 3486 quae
1058 3403 1091 3467 in
1114 3404 1198 3469 bello
1216 3413 1320 3477 erant,
1340 3398 1417 3465 Sar-

358 3515 372 3560 2
391 3494 478 3559 dinia
495 3504 591 3578 atque
605 3493 728 3557 Histria
745 3495 901 3560 decretae.
928 3497 962 3561 in
977 3495 1159 3563 Sardiniam
1174 3498 1256 3561 duae
1273 3495 1418 3580 legiones

392 3588 486 3654 scribi
509 3590 630 3666 iussae,
658 3590 755 3673 quina
776 3590 864 3654 milia
885 3591 919 3654 in
937 3592 1079 3676 singulas
1098 3605 1129 3658 et
1147 3593 1260 3657 duceni
1283 3592 1417 3679 pedites,

391 3684 511 3747 treceni
529 3684 665 3767 equites,
689 3696 721 3748 et
743 3684 911 3749 duodecim
933 3686 1021 3750 milia
1042 3688 1187 3771 peditum
1204 3689 1362 3753 sociorum
1380 3707 1419 3748 ac

391 3774 502 3839 Latini
524 3776 660 3839 nominis
684 3786 716 3840 et
737 3779 873 3841 sescenti
897 3779 1019 3861 equites
1043 3791 1075 3844 et
1097 3781 1209 3846 decem
1227 3782 1418 3864 quinquere-

359 3882 373 3927 s
392 3888 459 3928 mes
477 3891 590 3944 naves,
614 3869 641 3933 si
659 3869 816 3934 deducere
834 3895 875 3935 ex
892 3872 1059 3937 navalibus
1078 3874 1183 3939 vellet.
1219 3867 1417 3937 tantumdem

392 3955 534 4039 peditum
552 3962 758 4045 equitumque
774 3963 809 4027 in
821 3965 989 4041 Histriam,
1007 3977 1161 4050 quantum
1178 3968 1213 4030 in
1226 3959 1419 4041 Sardiniam,

394 4049 565 4115 decretum.
610 4069 642 4119 et
658 4056 818 4140 legionem
835 4081 933 4122 unam
951 4080 1024 4122 cum
1043 4059 1202 4143 equitibus
1220 4054 1368 4121 nocentis
1387 4067 1419 4118 et

394 4142 534 4226 quinque
560 4148 647 4211 milia
673 4151 817 4234 peditum
839 4154 997 4217 sociorum
1025 4165 1056 4219 et
1083 4154 1235 4216 ducentos
1262 4148 1420 4231 quinqua-

395 4237 484 4321 ginta
501 4236 626 4303 mittere
644 4243 765 4324 equites
786 4246 821 4310 in
838 4247 1029 4331 Hispaniam
1047 4246 1192 4313 consules
1211 4246 1253 4308 ad
1271 4245 1319 4308 M.
1339 4243 1420 4308 Titi-
