3384 4975
415 602 417 607 .
504 514 648 620 ¹suasa
664 561 920 630 xxxxmsa.
941 561 1093 631 [sciro]
1284 550 1324 614 91

300 748 384 792 anno
401 725 516 797 fuerat,
535 732 603 787 tum
621 720 766 784 tribunus
783 716 919 781 militum
936 717 970 782 in
982 717 1174 784 Macedonia
1192 742 1265 785 cum
1280 721 1323 787 A.

301 819 440 885 Hostilio
459 826 537 889 erat,
556 812 715 896 querellae
733 812 775 875 ad
792 816 938 875 senatum
953 811 1076 876 delatae
1092 825 1166 877 sunt
1179 824 1211 878 et
1226 814 1322 900 legati

299 913 386 998 regis
405 907 575 974 Gallorum
593 903 743 970 Cincibili
760 914 925 968 venerunt.
969 903 1067 969 frater
1085 905 1152 971 eius
1176 907 1274 973 verba
1290 908 1324 971 in
1342 928 1357 973 2

301 1014 415 1070 senatu
432 1001 518 1076 fecit,
536 1009 666 1082 questus
686 995 877 1082 Alpinorum
895 998 1087 1082 populorum
1110 1021 1204 1085 agros
1223 1000 1322 1065 socio-

301 1121 374 1164 rum
391 1117 522 1161 suorum
541 1093 768 1178 depopulatum
778 1087 818 1155 O.
829 1088 978 1156 Cassium
997 1114 1066 1157 esse
1083 1103 1116 1158 et
1132 1094 1206 1158 inde
1224 1095 1324 1158 multa

301 1192 388 1256 milia
405 1188 569 1254 hominurn
586 1187 620 1250 in
638 1186 821 1251 servitutem
839 1184 1026 1270 abripuisse.
1064 1187 1124 1251 sub
1142 1187 1228 1252 idem
1245 1198 1324 1253 tem·
1343 1210 1356 1254 a

299 1306 359 1370 pus
371 1281 551 1348 Carnorum
564 1280 812 1364 Histrorumque
826 1290 858 1344 et
871 1279 1032 1364 Iapydum
1045 1280 1144 1366 legati
1158 1292 1324 1347 venerunt:

299 1379 397 1443 duces
420 1375 482 1440 sibi
499 1376 541 1439 ab
559 1373 688 1439 consule
707 1370 821 1439 Cassio
844 1373 984 1458 primum
1005 1373 1191 1459 imperatos,
1219 1375 1275 1459 qui
1292 1375 1324 1439 in

298 1470 525 1537 Macedoniam
534 1468 662 1533 ducenti
672 1468 845 1532 exercitum
859 1467 919 1533 iter
931 1479 1156 1546 monstrarent3
1175 1480 1324 1554 pacatum
1344 1491 1359 1535 4

297 1565 340 1630 ab
358 1586 392 1630 se
410 1575 574 1646 tamquam
591 1563 634 1626 ad
652 1562 741 1627 aliud
757 1557 878 1628 bellum
895 1563 1073 1647 gerendum
1090 1563 1204 1628 abisse.
1249 1562 1323 1628 inde

298 1681 338 1724 ex
363 1657 470 1723 medio
495 1677 677 1741 regressum
707 1655 820 1721 itinere
846 1655 1001 1727 hostiliter
1031 1678 1219 1742 peragrasse
1244 1656 1323 1721 fines

296 1774 382 1829 suos,
401 1752 514 1818 caedes
531 1751 651 1836 passim
668 1751 860 1836 rapinasque
877 1761 910 1815 et
926 1749 1072 1816 incendia
1092 1749 1193 1828 facta3
1212 1769 1271 1817 nec
1289 1773 1323 1815 se

297 1845 338 1910 ad
359 1847 394 1911 id
413 1846 557 1911 locorum
579 1846 674 1922 scire,
701 1855 948 1930 propterquam
971 1867 1101 1910 causam
1119 1845 1242 1911 consuli
1264 1867 1321 1930 pro

297 1939 441 2004 hostibus
459 1938 587 2003 fuerint.
615 1949 648 2002 et
665 1939 776 2022 regulo
787 1936 956 2003 Gallorum
971 1937 1095 2003 absenti
1109 1948 1140 2002 et
1153 1937 1202 2003 his
1220 1959 1322 2023 popu·
1341 1957 1355 2002 5

297 2033 336 2096 lis
346 2052 534 2115 responsum
543 2041 602 2107 est,
616 2041 762 2095 senatum
771 2053 819 2106 ea,
834 2051 918 2112 quae
927 2031 1013 2106 facta
1022 2041 1205 2113 querantur,
1218 2053 1323 2113 neque

299 2124 396 2189 scisse
419 2123 529 2188 futura
549 2144 670 2206 neque,
697 2121 724 2186 si
742 2122 804 2186 sint
825 2122 926 2199 iacta,
953 2122 1103 2206 probare,
1130 2124 1187 2187 sed
1203 2123 1323 2189 indicta

298 2240 395 2283 causa
409 2216 553 2281 damnari
567 2217 732 2282 absentem
745 2214 944 2280 consularem
957 2216 1061 2279 virum
1077 2215 1228 2279 iniurium
1242 2237 1321 2291 esse,

297 2312 406 2377 curnis
420 2310 628 2396 reipublicae
643 2332 741 2375 causa
749 2308 845 2374 absit:
865 2309 920 2374 ubi
935 2331 975 2374 ex
984 2307 1176 2374 Macedonia
1188 2308 1323 2374 redisset
1342 2329 1355 2375 o

298 2404 337 2471 C.
357 2403 503 2482 Cassius,
522 2416 606 2482 tum,
624 2403 652 2469 si
669 2426 777 2470 coram
794 2427 869 2469 eum
887 2426 1022 2490 arguere
1040 2404 1172 2481 vellent,
1195 2403 1323 2490 cognita

297 2523 332 2565 re
347 2512 492 2564 senatum
510 2500 659 2564 daturum
673 2522 814 2583 operam,
832 2500 880 2564 uti
896 2499 1037 2564 satisfiat
1064 2520 1124 2564 nec
1137 2498 1322 2583 responderi
1342 2519 1355 2562 7

299 2602 424 2657 tantum
441 2592 480 2656 iis
498 2591 662 2676 gentibus,
684 2593 740 2657 sed
757 2593 880 2677 legatos
898 2593 994 2668 mitti,
1018 2592 1097 2657 duos
1116 2592 1158 2656 ad
1175 2593 1323 2676 regulum

298 2699 385 2751 trans
393 2685 498 2771 Alpis,
515 2696 580 2750 tres
598 2686 682 2749 circa
694 2706 749 2750 eos
767 2684 902 2769 populos
917 2686 1045 2769 placuit,
1064 2685 1121 2766 qui
1137 2684 1323 2761 indicarent,

297 2803 381 2865 quae
407 2791 535 2867 patrum
557 2780 715 2845 sententia
741 2791 833 2845 esset
886 2801 1019 2843 munera
1041 2778 1124 2842 mitti
1145 2779 1259 2863 legatis
1283 2802 1322 2843 ex
1341 2797 1355 2845 8

297 2874 381 2939 binis
399 2874 528 2939 milibus
550 2874 631 2939 aeris
653 2884 860 2939 censuerunt:
885 2874 1010 2938 duobus
1034 2871 1185 2961 fratribus
1203 2874 1322 2959 regulis

296 2969 376 3034 haee
393 2969 575 3055 praecipua,
593 2979 723 3053 torques
741 2970 805 3033 duo
824 2969 1017 3053 exquirique
1034 2965 1141 3053 pondo
1160 2967 1230 3033 auri
1246 2967 1321 3033 facti

297 3074 329 3129 et
346 3087 423 3129 vasa
445 3074 596 3149 argentea
617 3064 759 3148 quinque
783 3086 823 3129 ex
845 3063 958 3149 viginti
979 3063 1086 3149 pondo
1109 3074 1141 3129 et
1163 3062 1226 3129 duo
1249 3064 1321 3147 equi

296 3157 450 3243 phalerati
473 3179 546 3222 curn
568 3158 760 3243 agasonibus
783 3169 815 3224 et
841 3158 1001 3243 equestria
1026 3181 1114 3223 arma
1136 3180 1174 3223 ac
1200 3158 1321 3243 sagula,

297 3262 329 3317 et
351 3252 518 3317 comitibus
540 3273 651 3317 eorum
676 3254 866 3318 vestimenta
892 3252 999 3318 liberis
1025 3252 1198 3334 seruisque.
1242 3251 1354 3315 haece

295 3344 407 3422 missa3
438 3346 493 3409 illa
519 3346 699 3429 petentibus
727 3347 819 3423 data,
853 3356 889 3410 ut
917 3345 1071 3410 denorum
1098 3365 1253 3426 equorum
1283 3344 1320 3406 iis

296 3439 521 3503 commercium
543 3451 627 3505 esset
648 3441 868 3522 educendique
887 3462 926 3504 ex
943 3439 1039 3503 Italia
1060 3447 1200 3522 potestas
1221 3438 1320 3500 fieret.

296 3531 394 3615 legati
412 3553 486 3595 cum
502 3529 605 3594 Gallis
622 3532 711 3594 missi
727 3541 815 3595 trane
833 3531 928 3616 Alpis
943 3527 982 3595 C.
993 3530 1135 3605 Laelius,
1152 3529 1201 3592 M.
1210 3528 1322 3592 Aemi·
1342 3546 1373 3593 10

297 3622 358 3686 lius
376 3621 538 3706 Lepidus,
562 3623 603 3686 ad
625 3633 745 3686 ceteros
769 3624 905 3707 populos
924 3620 986 3687 Cn.
1007 3621 1161 3698 Sicinius,
1183 3621 1222 3685 P.
1242 3618 1321 3686 Cor·

296 3716 399 3780 nelius
416 3716 536 3790 Blasio,
555 3716 594 3779 T.
612 3715 797 3780 Memmius.

361 3810 421 3876 VI.
448 3808 627 3874 Multarum
652 3809 746 3873 simul
775 3808 932 3875 Graeciae
955 3809 1118 3892 Asiaeque
1146 3808 1319 3874 eivitatium
1340 3831 1352 3875 1

295 3903 393 3989 legati
402 3903 538 3969 Romam
553 3914 778 3970 convenertmt.
807 3905 902 3990 primi
911 3903 1125 3969 Athenienses
1139 3903 1318 3969 introducti.
1338 3924 1352 3969 2
1381 3930 1392 3952 ·

295 3998 319 4061 ii
336 4021 370 4064 se
387 3998 475 4082 quod
492 4000 622 4063 navium
638 3997 809 4065 habuerint
825 3999 1025 4082 militumque
1043 3997 1083 4063 P.
1101 3997 1227 4065 Licinio
1245 4022 1319 4065 con-

296 4093 357 4157 suli
375 4104 406 4158 et
424 4090 463 4156 0.
482 4091 633 4159 Lucretio
653 4095 792 4178 praetori
808 4094 933 4159 misisse
951 4105 1179 4179 exposuerunt,
1203 4094 1318 4179 quibus

295 4208 350 4251 eos
368 4208 431 4251 non
445 4206 519 4251 usos
533 4186 684 4253 frumenti
698 4188 759 4253 sibi
772 4198 901 4254 centum
919 4187 1006 4253 milia
1022 4188 1207 4274 imperasse,
1220 4188 1317 4271 quod,
1336 4208 1350 4254 3

296 4299 489 4366 quamquam
498 4281 637 4350 sterilem
650 4294 767 4351 terram
777 4294 903 4353 ararent
915 4283 1066 4370 ipsosque
1079 4284 1175 4349 etiam
1184 4282 1316 4367 agrestis
