3384 4975
502 523 723 582 PERICCHAE
741 521 944 591 LIBRCRUM
961 523 1095 578 L-Lfl.
1247 510 1311 574 201

283 668 373 739 viguit
393 672 425 720 ut
433 670 498 736 post
507 671 616 744 sextum
624 669 653 718 et
662 656 863 743 octogesimum
873 679 976 716 annum
984 660 1072 716 filium
1103 661 1219 718 enuerit.
1238 662 1312 744 inter

284 745 341 791 tres
350 709 454 790 liberos
463 735 522 789 eius
532 734 679 802 (maximus
689 739 759 785 natu
767 731 888 871 mim
912 729 1043 799 Gulussa,
1059 731 1075 783 l
1091 731 1248 801 astanabal,
1263 747 1311 802 qu1

285 806 370 859 etiam
388 802 506 859 Graecis
520 801 620 855 litteris
638 801 762 855 eruditus
780 806 841 855 erat
859 839 865 867 ,
910 823 917 852 ι
933 797 1027 878 Scipio
1040 799 1228 869 Aemilianus,
1247 817 1310 855 cum

284 889 430 926 commune
444 871 484 924 eis
497 886 615 940 regnum
627 874 710 937 pater
722 868 881 939 reliquisset
895 873 924 923 ot
937 867 1060 923 dividere
1075 885 1122 923 eos
1137 868 1241 922 arbitro
1252 867 1310 923 Sci·

305 941 368 994 ione
381 938 520 1005 iussisset,
535 942 629 1006 partes
645 937 858 991 administrandi
870 936 951 1008 regni
965 937 1066 990 divisit.
1092 937 1159 992 item
1169 936 1310 992 Phameae

284 959 446 1074 Himilconi,
460 1007 604 1074 praefecto
618 1005 742 1075 equitum
752 1005 1039 1076 Carthaginiensium,
1052 1005 1111 1059 viro
1120 1005 1187 1058 forti
1196 1009 1224 1058 et
1234 1005 1312 1058 cuius

285 1075 439 1145 praecipua
453 1091 539 1143 opera
548 1073 636 1128 Poeni
650 1075 803 1129 utebantur
829 1073 982 1153 persuasit,
996 1079 1028 1127 ut
1043 1073 1080 1127 ad
1092 1073 1234 1127 Romanos
1248 1090 1312 1126 cum

286 1143 412 1213 equitatu
425 1159 475 1196 suo
489 1142 628 1196 transiret.
655 1159 689 1196 ex
701 1143 792 1196 tribus
817 1143 921 1212 egetis,
932 1157 980 1211 qui
995 1142 1032 1195 ad
1044 1141 1223 1195 Masinissam
1235 1140 1312 1194 missi

286 1217 379 1278 erant,
395 1211 433 1263 M.
449 1209 582 1264 Claudius
596 1209 747 1264 Marcellus
761 1215 858 1264 coorta
870 1215 1037 1280 tempestate
1050 1209 1181 1264 fluctibus
1196 1208 1312 1264 obrutus

286 1286 336 1334 est.
372 1278 618 1348 Carthaginienses
636 1277 858 1344 Hasdrubalem,
877 1277 1042 1333 Masinissae
1060 1284 1204 1348 nepotem,
1229 1293 1312 1346 quem
1353 1320 1357 1327 .

285 1352 443 1416 praetorem
457 1346 613 1415 habebant,
628 1346 767 1401 hominem
781 1346 947 1417 proditionis
962 1352 1121 1416 suspectum
1134 1346 1163 1399 in
1178 1345 1257 1401 curia
1270 1345 1311 1397 in-

284 1419 468 1482 teremerunt,
487 1431 559 1484 quae
577 1414 699 1483 suspicio
717 1414 783 1470 inde
803 1415 956 1482 emanavit,
976 1414 1050 1484 quod
1089 1414 1219 1485 ropinous
1238 1418 1314 1468 esset

286 1482 425 1538 Gulussae
434 1483 623 1536 Romanorum
638 1483 743 1539 auxilia
755 1482 885 1537 iuvantis.
913 1482 946 1536 P.
958 1481 1052 1553 Scipio
1061 1433 1236 1538 Xemihanus
1249 1499 1312 1536 cum

286 1552 458 1607 aedilitatem
466 1558 584 1621 peteret,
595 1551 693 1605 consul
703 1551 832 1622 apopulo
842 1551 1081 1622 dictus,quoniam
1089 1567 1141 1621 per
1151 1567 1238 1604 annos
1247 1567 1312 1604 con·

285 1620 339 1686 suli
352 1617 414 1673 fieri
428 1637 485 1673 non
494 1619 611 1688 licebat,
627 1636 690 1673 cum
699 1635 803 1691 magno
812 1620 964 1675 certamine
975 1619 1196 1691 suffragantibus
1204 1618 1312 1688 plebeis

284 1695 313 1742 et
326 1687 549 1759 repugnantibus
564 1687 591 1743 ei
605 1687 770 1757 aliquandiu
782 1687 924 1757 patribus,
939 1688 1051 1759 legibus
1060 1688 1167 1742 solutus
1179 1690 1207 1740 et
1215 1685 1313 1740 consul

284 1762 406 1835 creatus,
431 1755 477 1808 Μ’.
492 1755 753 1836 Maniliusaliquot
764 1756 850 1810 urbes
864 1756 1073 1836 circumpositas
1088 1754 1253 1835 Carthagini
1267 1772 1311 1809 ex-

283 1823 1314 1971 lliltllplssiliffpiibiblii-edil{Miltiadi-illis

284 1961 460 2015 blacedonra.

725 2031 875 2070 arulam.

337 2095 480 2166 Carthago
493 2095 523 2149 in
537 2095 682 2149 circuitum
694 2091 768 2146 ffir
782 2113 881 2166 passus
895 2101 1008 2166 patens,
1027 2113 1131 2166 magno
1149 2095 1245 2150 labore
1263 2095 1312 2148 ob·

285 2181 362 2218 sessa
376 2170 404 2218 et
417 2181 469 2233 per
482 2169 577 2233 partes
591 2170 676 2234 capta
689 2170 744 2232 est,
759 2166 878 2233 primunr
889 2164 1045 2218 aMancino
1058 2164 1167 2234 legato,
1183 2163 1284 2216 deinde
1295 2180 1313 2216 a

286 2231 415 2300 Scipione
426 2232 549 2300 consule,
560 2231 606 2286 cni
615 2237 693 2287 extra
702 2239 804 2287 sortem
813 2232 957 2302 provincia
966 2232 1062 2286 Africa
1072 2232 1139 2284 data
1148 2235 1217 2286 erat.
1244 2230 1311 2284 Car-

283 2299 476 2370 thaginienses
493 2307 578 2370 portu
594 2317 680 2369 novo,
699 2301 766 2370 quia
782 2307 862 2355 vetus
881 2318 899 2355 a
913 2299 1045 2371 Scipione
1063 2304 1124 2354 erat
1142 2299 1308 2374 obstructus,

284 2368 359 2421 facto
378 2374 407 2421 et
424 2374 570 2423 contracta
587 2369 659 2422 clam
678 2371 778 2440 exiguo
796 2373 922 2439 tempore
941 2371 1036 2440 ampla
1053 2369 1143 2424 classe
1162 2363 1315 2420 infehcrter

284 2436 378 2489 navali
398 2437 505 2506 proelio
528 2444 733 2508 pugnaverunt.
773 2437 961 2493 Hasdrubalis
984 2455 1093 2510 quoque
1116 2437 1195 2492 ducis
1210 2451 1312 2496 ⁴eorum

285 2509 379 2557 castra
393 2505 429 2557 ad
438 2504 590 2573 Nepherim
604 2507 737 2576 oppidum
749 2505 812 2561 loco
826 2507 936 2562 difficili
950 2508 1005 2562 sita
1014 2525 1076 2562 cum
1086 2506 1209 2561 exercitu
1219 2504 1315 2561 deleta

284 2578 377 2626 sunta
387 2570 531 2641 Scipione,
546 2573 594 2641 qui
608 2575 722 2629 tandem
737 2574 861 2641 [urbem]
881 2577 1050 2646 expugnavit
1064 2573 1311 2655 septingentesimo

283 2641 1312 2765 {ualletllittid³bitttlttt.htl⁰¹.il:.{librauit}

282 2777 361 2857 pioni
383 2748 548 2844 dedidisset,
572 2750 640 2831 uxcr
658 2779 717 2832 eius
752 2795 824 2848 qnae
841 2779 939 2849 paucis
951 2752 1023 2834 ’ante
1042 2778 1140 2833 diebus
1158 2780 1193 2838 de
1210 2732 1310 2831 marito

283 2851 433 2915 1mpetrare
442 2862 499 2899 non
508 2850 646 2915 potuerat,
657 2852 689 2900 ut
698 2819 735 2901 ad
743 2850 877 2902 rictorem
886 2847 1102 2919 transfugerent,
1113 2847 1142 2900 in
1151 2846 1272 2901 modium
1281 2863 1311 2901 se

284 2913 431 2985 flagrantis
441 2914 517 2969 urbis
526 2914 683 2969 incendium
693 2933 757 2970 cum
766 2916 875 2970 duobus
885 2915 980 2971 liberis
990 2934 1023 2971 ex
1032 2932 1096 2971 arce
1105 2914 1310 2986 praecipitavit.

285 2981 378 3053 Scipio
396 2985 523 3053 exemplo
536 2983 625 3053 patris
640 2984 682 3039 sui
695 2984 800 3039 Aemili
808 2984 906 3054 Pauli,
925 2985 974 3055 qui
987 2984 1181 3039 Macedoniam
1196 2983 1310 3063 vicerat,

283 3050 364 3104 ludos
373 3050 453 3121 fecit,
467 3052 871 3125 transfugasqueacfugitivos
879 3054 968 3108 bestis
977 3053 1087 3109 obiecit.
1114 3051 1184 3107 belli
1192 3051 1311 3105 Achaici

284 3120 391 3173 semina
399 3120 558 3175 referuntur
565 3121 644 3190 haec,
656 3123 731 3192 quod
741 3122 829 3193 legati
838 3122 960 3176 Romani
970 3121 1006 3176 ab
1014 3120 1137 3177 Achaeis
1147 3119 1251 3189 pulsati
1257 3119 1312 3172 sint

284 3186 419 3254 Corinthi,
433 3188 522 3255 missi,
537 3194 569 3241 ut
578 3206 625 3243 eas
636 3190 776 3258 civitates,
793 3208 865 3261 quae
875 3192 927 3245 sub
938 3191 1047 3253 dicione
1057 3189 1182 3259 Philippi
1190 3187 1310 3255 fuerant,

286 3255 322 3308 ab
331 3255 456 3308 Achaico
465 3256 583 3310 concilio
593 3265 780 3313 secernerent.
830 3292 832 3296 <

713 3338 753 3376 nx
767 3338 884 3377 manu.

337 3387 407 3442 Cum
415 3390 550 3459 Achaeis,
566 3392 655 3459 quiin
669 3392 772 3447 auxilio
781 3394 904 3447 Boeotos
915 3399 943 3447 et
952 3390 1150 3447 Chalcidenses
1158 3390 1311 3457 habebant,
1416 3394 1419 3397 ’

287 3455 609 3521 Quaestiunculas
623 3460 659 3513 ad
669 3460 873 3529 Thermopylas
887 3460 962 3514 bello
972 3458 1108 3526 conflixit,
1122 3457 1311 3528 quibusvictis

287 3526 342 3577 dux
356 3540 450 3577 eorum
460 3524 599 3578 Critolaus
608 3533 730 3580 mortem
744 3527 798 3580 sibi
806 3544 915 3581 veneno
925 3526 1066 3580 conscivit.
1093 3529 1123 3579 in
1132 3526 1210 3580 cuius
1220 3525 1312 3577 locum

285 3592 406 3658 Diaeus,
420 3592 539 3645 Achaici
550 3600 642 3647 motus
656 3596 761 3663 primus
771 3602 879 3661 auctor,
896 3595 931 3647 ab
940 3594 1062 3647 Achaeis
1072 3595 1127 3646 dux
1137 3598 1259 3659 creatus,
1275 3591 1312 3643 ad

285 3661 412 3714 Isthmon
425 3675 443 3713 a
455 3659 490 3713 L.
499 3660 632 3715 Mummio
646 3662 759 3717 consule
774 3663 927 3716 victusest.
956 3662 1003 3731 qui
1017 3661 1091 3714 omni
1100 3660 1211 3713 Achaia
1224 3660 1253 3712 in
1264 3659 1311 3713 de·

287 3728 420 3783 ditionem
438 3734 557 3809 accepta
574 3725 726 3783 Corinthon
745 3747 779 3785 ex
796 3736 910 3785 senatus
928 3729 1053 3784 consulto
1073 3729 1169 3795 diruit,
1190 3727 1255 3798 quia
1272 3727 1312 3780 ibi

285 3796 375 3868 legati
390 3796 512 3851 Romam
532 3797 629 3852 violati
651 3803 739 3853 erant.
775 3798 892 3853 Thebae
916 3814 1025 3867 quoque
1045 3803 1073 3852 et
1091 3796 1216 3864 Chalcis,
1240 3811 1311 3864 quae

287 3865 520 3935 auxiliofuerant,
531 3866 649 3921 dirutae.
676 3867 736 3936 ipse
745 3866 780 3920 1..
790 3866 939 3920 Mummius
949 3866 1214 3921 abstinentissimum
1223 3864 1311 3917 virum

287 3952 302 3988 e
324 3934 359 4003 it,
374 3935 588 4013 necquicquam
603 3952 638 3990 ex
651 3934 691 3990 eis
706 3936 805 4005 opibus
819 3934 1057 4058 omamentisgum
1078 3951 1149 4014 quae
1167 3932 1312 4003 praedives

312 4002 783 4072 orinthosnabuit,indomumeius
792 4004 927 4073 pervenit.
975 4044 980 4056 .
1011 4004 1127 4057 aecihus
1137 4001 1266 4056 Metellus
1276 4001 1312 4054 de

285 4072 424 4125 Andrisco
437 4072 630 4142 triumphavit,
644 4072 678 4125 Ρ.
688 4072 832 4127 Cornelius
846 4072 1009 4153 (Africanus
1036 4071 1128 4141 Scipio
1138 4068 1312 4125 Aemilianus

287 4140 322 4195 de
340 4140 511 4212 Carthagine
530 4146 559 4196 et
576 4140 765 4196 Hasdrubale.
795 4141 922 4197 Viriatus
939 4140 968 4193 in
1016 4141 1125 4210 ispania
1141 4138 1260 4209 primum
1277 4155 1311 4192 er

286 4214 398 4329 pastore
412 4215 539 4278 venator,
556 4227 590 4264 ex
602 4214 735 4265 venatore
744 4210 830 4278 latro,
844 4227 908 4264 mox
916 4208 982 4263 iusti
992 4225 1101 4331 (guoque
1111 4208 1246 4263 exercitus
1257 4207 1312 4259 dux

301 4282 391 4346 actm,
409 4284 497 4332 totam
510 4277 686 4333 Lusitaniam
698 4278 859 4348 occupavit,
878 4279 917 4332 M.
931 4277 996 4334 Veti
1011 4278 1064 4330 'um
1077 4283 1235 4346 praetorem
1248 4275 1311 4328 fuso
