3384 4975
362 526 426 597 236
670 539 705 594 r.
723 539 808 597 mvl
825 537 1078 598 FRAGMENTA.

476 787 660 833 murmura
677 787 720 830 An
738 787 842 830 mart
858 787 1055 832 mromcam
1072 786 1268 831 specuum.

413 880 462 949 75)
476 884 544 938 Fuit
560 883 570 936 i
592 883 647 938 'tar
662 882 786 938 brevite·
803 882 854 937 illa
872 883 1023 952 tutissima,
1066 901 1120 940 uae
1138 883 1214 955 apud
1230 881 1346 936 Livium
1365 884 1398 938 in

361 954 482 1024 epistola
499 952 537 1007 ad
587 953 642 1006 'um
655 951 772 1022 scripta,
790 953 926 1024 legendos
942 951 1060 1008 Demost
1080 969 1160 1008 enom
1178 957 1263 1022 atque
1280 950 1398 1007 Cicero-

361 1039 437 1091 nem,
451 1027 512 1076 tum
524 1021 579 1090 ita,
593 1026 625 1075 ut
656 1020 698 1074 uia
719 1037 754 1075 ue
768 1020 1038 1076 esset-Demostheni
1047 1026 1076 1077 et
1084 1021 1213 1077 Ciceroni
1226 1020 1395 1075 simillimus.

363 1092 467 1155 Quinta.
478 1092 538 1144 inat.
548 1099 615 1144 orut.
664 1090 678 1142 1
742 1093 801 1144 coll.
811 1089 843 1144 II
852 1090 878 1158 5,
887 1090 931 1145 20.

412 1159 458 1231 76)
476 1158 558 1213 Titus
568 1162 661 1213 autem
669 1129 766 1211 Iriviua
775 1157 953 1229 taminiquur
964 1156 1097 1213 Sallustio
1105 1157 1167 1226 fuit,
1177 1159 1210 1208 ut
1216 1157 1291 1212 hano
1301 1156 1397 1226 ipsam

361 1225 528 1283 sententiam
538 1229 585 1298 (sc.
597 1229 654 1280 ‘rer
663 1226 803 1282 secundae
812 1227 881 1282 mire
891 1232 956 1280 sunt
964 1227 1038 1280 vitiis
1048 1219 1195 1292 obtentui')
1208 1230 1305 1281 ettam
1326 1243 1396 1279 uam

360 1296 526 1351 translatam
536 1299 564 1350 et
572 1301 715 1365 tamquam
725 1300 884 1376 corruptam
893 1296 959 1349 dum
967 1295 1143 1364 transfertur,
1163 1294 1289 1349 obiceret
1320 1294 1395 1347 allu-

360 1366 422 1419 stio.
458 1380 512 1418 neo
519 1364 574 1418 hoo
584 1379 677 1418 amore
687 1362 863 1434 Thucydidis
871 1363 949 1431 fauit,
967 1368 1000 1419 ut
1011 1363 1090 1417 illum
1098 1364 1251 1433 praeferat,
1270 1362 1396 1417 sadlau·

360 1434 418 1502 dat,
437 1449 521 1503 quem
535 1448 592 1486 non
604 1431 693 1501 timet,
712 1431 861 1487 etfaciliua
874 1437 956 1502 putat
988 1447 1050 1486 osse
1061 1448 1117 1487 ase
1128 1432 1292 1487 Sallustium
1306 1431 1395 1496 vinci,

352 1503 384 1555 'ri
393 1505 458 1556 ante
469 1500 576 1556 aThuo
598 1500 662 1556 dide
674 1500 811 1555 vincatur.
846 1503 939 1556 Senec.
951 1449 1013 1554 rIet.
1028 1511 1142 1555 controv.
1152 1499 1282 1558 V111124
1291 1501 1344 1554 Bu.
1355 1500 1393 1568 cf.

359 1588 414 1625 exo.
424 1580 539 1624 controv.
549 1571 571 1623 li
588 1568 849 1639 .V1111p.433,19.

412 1639 457 1710 77)
475 1637 572 1693 Livius
590 1638 625 1693 do
643 1637 815 1704 oratoribus,
840 1636 889 1707 qui
905 1637 991 1692 verba
1009 1637 1126 1708 antiqua
1144 1639 1173 1692 et
1190 1634 1306 1690 sordida
1324 1651 1392 1690 oon-

359 1711 504 1762 seetuntur
512 1706 682 1761 etorationia
691 1706 892 1761 obscuritatem
904 1706 1081 1762 severitatem
1092 1709 1202 1776 putant,
1221 1703 1318 1758 aiebat
1326 1702 1393 1758 Mil-

359 1775 465 1829 tiadem
481 1775 620 1830 rhetorem
637 1774 784 1845 eleganter
805 1773 908 1830 dixisse
932 1777 994 1828 ‘tot
1011 1778 1030 1842 †
1050 1785 1108 1826 rou
1126 1783 1240 1826 Auaron
1262 1771 1339 1844 (sort.
1358 1772 1393 1826 τὸ

360 1842 461 1913 δεξιὸν)
479 1842 646 1910 μαίνονται’.
681 1845 771 1897 Senec.
785 1844 851 1897 rhet.
863 1851 977 1898 controv.
992 1842 1080 1900 V1111
1094 1843 1165 1913 2510.
1180 1842 1241 1912 259,
1255 1842 1272 1896 9
1285 1843 1337 1897 Bu.
1354 1841 1391 1909 cf.

360 1929 414 1965 eae,
424 1920 540 1965 controv.
549 1909 637 1967 VIIII
666 1910 794 1980 taum.

412 1979 457 2050 78)
475 1979 509 2033 In
522 1979 576 2033 hoe
588 1995 635 2032 ma
646 1996 693 2032 um
707 1996 725 2033 a
739 1979 907 2049 quibusdam
921 1979 1006 2034 etiam
1018 1978 1176 2048 laboratum
1194 1994 1287 2059 neque
1295 1978 1327 2032 id
1339 1994 1391 2032 no-

359 2047 529 2102 vumvitium
538 2053 589 2116 est,
607 2064 670 2102 oum
678 2047 734 2100 iam
744 2047 819 2118 apud
829 2047 926 2102 Titum
935 2047 1046 2102 Livium
1053 2047 1202 2116 inveniam,
1210 2046 1298 2102 fumea
1307 2064 1391 2117 prae-

359 2121 501 2186 ceptorem
510 2116 642 2186 aliquem,
656 2115 705 2186 qui
714 2116 867 2186 dioeIpulos
881 2116 1038 2198 obscurare·
1044 2132 1116 2197 quae
1130 2117 1256 2171 dicerent
1268 2117 1391 2186 iuberet,

257 2222 259 2226 -
360 2182 471 2240 Graeco
478 2185 565 2239 verbo
572 2191 656 2239 utens
674 2185 835 2254 (σκότισοᾷ,
854 2185 929 2239 unde
942 2184 1107 2240 illaserhoet
1119 2186 1235 2257 egregia
1246 2185 1391 2249 laudatio:

359 2256 453 2376 {tarlrgo
466 2253 578 2324 melior3
595 2270 635 2315 nes
650 2269 704 2324 ego
722 2253 834 2326 quidem
851 2253 997 2309 intellexi'.
1035 2255 1142 2317 Quinta.
1154 2257 1214 2308 inst.
1234 2265 1299 2310 orat.
1314 2255 1389 2312 VIII

382 2361 389 2390 ‚
440 2360 447 2375 .
