3384 4975
326 474 369 537 94
544 481 1139 551 LmERxxxxffl,8.9.[aac.584]

329 644 432 706 viores
459 641 715 726 potentioresque
738 644 900 704 accessere
923 653 1122 705 accusatores
1148 641 1213 705 duo
1235 642 1360 710 tribuni

296 757 311 804 3
329 737 441 821 plebis,
459 735 518 799 Μ’.
536 734 702 798 Iuventius
719 733 846 797 Thalna
862 744 895 798 et
913 730 974 798 Cn.
992 734 1153 799 Aufidius.
1197 735 1304 801 iinon
1322 739 1358 803 in

329 840 441 894 senatu
452 827 548 892 modo
563 850 637 892 eum
649 827 838 904 lacerarunt,
857 828 913 892 sed
930 828 964 892 in
977 829 1154 893 contionem
1169 829 1266 894 etiam
1283 853 1359 917 per·

295 946 311 990 4
329 934 429 988 tracto
439 922 547 986 multis
559 921 691 986 obiectis
703 921 829 1006 probris
841 921 926 986 diem
936 921 1092 986 dixerunt.
1120 936 1249 988 senatus
1264 924 1357 990 iussu

330 1014 595 1083 Chalcidensibus
613 1014 655 1096 Q.
665 1015 817 1080 Maenius
834 1027 963 1100 praetor
979 1018 1149 1101 respondit,
1168 1039 1252 1101 quae
1270 1019 1356 1086 bene

327 1111 457 1176 meritos
475 1132 545 1176 sese
559 1120 590 1175 et
603 1121 676 1174 ante
690 1121 721 1174 et
735 1110 769 1172 in
784 1130 821 1173 eo
835 1108 920 1173 bello
934 1111 1020 1192 quod
1033 1123 1163 1195 geratur
1176 1113 1216 1176 de
1233 1114 1357 1198 populo

328 1205 474 1271 Romano
492 1204 614 1279 dicant,
642 1225 680 1267 ea
697 1213 729 1268 et
752 1202 831 1267 seire
854 1225 931 1267 vera
948 1225 1001 1268 eos
1023 1202 1141 1268 referre
1159 1222 1306 1270 senatum
1324 1219 1357 1271 et

296 1319 310 1365 5
328 1299 460 1383 perinde
478 1320 516 1362 ac
530 1298 667 1362 debeant
684 1307 777 1381 grata
792 1318 872 1361 esse.
900 1317 982 1380 quae
995 1296 1081 1361 facta
1091 1295 1141 1383 [a]
1151 1296 1191 1361 C.
1201 1299 1356 1364 Lucretio

327 1391 458 1474 fierique
476 1391 518 1455 ab
527 1391 631 1455 Lucio
640 1391 813 1455 Hortensio
830 1391 1029 1476 praetoribus
1047 1391 1200 1456 Romanis
1217 1412 1356 1475 queran-

327 1496 393 1560 tur,
415 1507 454 1549 ea
475 1505 580 1566 neque
604 1483 691 1548 facta
713 1505 818 1568 neque
839 1484 908 1548 fieri
925 1485 1088 1549 voluntate
1111 1496 1239 1550 senatus
1256 1507 1354 1569 quem

295 1598 309 1644 e
328 1599 393 1642 non
409 1599 503 1664 posse
522 1577 713 1654 existimare,
732 1579 787 1662 qui
801 1578 880 1642 sciat
893 1577 1013 1642 bellum
1021 1578 1132 1643 Persei
1146 1590 1177 1643 et
1192 1591 1265 1644 ante
1274 1579 1355 1643 Phi·

327 1672 414 1756 lippo
432 1671 514 1756 patri
528 1672 596 1736 eius
610 1672 753 1737 intulisse
770 1672 926 1757 populum
935 1673 1116 1737 Romanum
1130 1694 1188 1757 pro
1206 1673 1353 1739 libertate

329 1763 499 1842 Graeciae,
524 1787 589 1830 non
616 1778 652 1830 ut
674 1789 713 1831 ea
734 1790 755 1831 a
780 1766 1019 1851 magistratibus
1046 1771 1111 1831 soci
1138 1778 1233 1848 atque
1259 1767 1354 1832 amici

296 1882 309 1927 r
327 1859 529 1944 paterentur?
545 1860 666 1925 litteras
684 1883 719 1925 se
737 1860 778 1924 ad
787 1860 828 1924 L.
838 1860 1049 1926 Hortensium
1067 1871 1245 1945 praetorem
1260 1860 1354 1925 datu·

327 1974 379 2016 ros
403 1975 486 2017 esse:
513 1974 595 2037 quae
614 1951 843 2019 Chalcidenses
861 1965 1034 2038 querantur
1055 1964 1140 2028 acta,
1168 1977 1206 2018 ea
1228 1954 1354 2018 senatui

328 2066 392 2110 non
408 2047 549 2131 plaeere3
572 2047 672 2131 siqui
688 2047 722 2112 in
740 2047 924 2113 servitutem
941 2048 1032 2112 liberi
1050 2047 1225 2123 venissent,
1242 2059 1279 2110 ut
1297 2068 1354 2113 eos

328 2139 559 2223 conquirendos
580 2141 683 2226 primo
707 2163 834 2226 quoque
857 2153 999 2226 tempore
1021 2141 1296 2224 restituendosque
1318 2141 1354 2206 in

326 2232 505 2298 libertatem
523 2246 647 2300 curaret
652 2260 661 2311 ;
680 2235 838 2300 sociorum
855 2236 1017 2299 navalium
1035 2235 1209 2310 neminem,
1227 2247 1354 2318 praeter

294 2348 309 2396 8
328 2327 506 2410 magistros,
525 2329 559 2392 in
576 2327 714 2412 hospitia
728 2328 842 2393 deduci
861 2350 1000 2411 aequum
1013 2350 1151 2393 censere.
1178 2327 1354 2392 haeoHor·

285 2480 289 2489 ,
327 2419 429 2483 tensio
446 2421 536 2484 iussu
554 2431 681 2485 senatus
699 2421 825 2506 scripta.
853 2444 986 2488 munera
1002 2422 1114 2488 binum
1130 2421 1253 2484 milium
1271 2420 1354 2487 aeris

326 2514 440 2599 legatis
458 2514 565 2590 missa,
584 2526 615 2579 et
629 2514 776 2581 vehioula
783 2516 976 2601 Micythioni
993 2517 1120 2602 publice
1137 2517 1251 2591 locata,
1269 2537 1355 2597 quae

294 2628 308 2675 a
328 2630 401 2672 eum
418 2607 626 2673 Brundisium
644 2609 810 2675 commode
831 2611 1050 2695 preveherent.
1095 2607 1134 2673 C.
1153 2607 1354 2683 Lucretium,

327 2700 384 2764 ubi
401 2701 468 2766 dies
486 2722 569 2785 quae
587 2702 672 2767 dicta
689 2715 758 2768 erat
774 2703 872 2780 venit,
890 2704 1009 2767 tribuni
1026 2703 1068 2767 ad
1085 2702 1240 2787 populum
1257 2724 1355 2766 accu-

328 2806 452 2871 sarunt,
470 2796 667 2878 multamque
685 2796 789 2862 decies
808 2809 936 2861 centum
953 2797 1076 2860 milium
1094 2796 1175 2860 aeris
1193 2796 1353 2860 dixerunt.

329 2889 464 2951 comitiis
490 2888 607 2953 habitis
630 2911 739 2954 omnes
766 2890 908 2973 quinque
935 2899 967 2954 et
993 2889 1123 2974 triginta
1149 2889 1250 2952 tribus
1277 2910 1353 2953 eum

328 2980 587 3045 condemnarunt

298 3098 308 3141 1
393 3075 506 3141 VIIII.
533 3076 573 3139 ln
590 3076 767 3161 Liguribus
785 3098 824 3142 eo
841 3074 958 3161 [anno]
975 3075 1055 3139 nihil
1073 3074 1277 3139 memorabile
1295 3096 1353 3159 ge·

329 3177 412 3232 stum
419 3193 428 3244 3
455 3190 530 3232 nam
552 3192 611 3235 nee
633 3169 740 3234 hostes
762 3181 931 3234 moverunt
952 3192 1041 3233 arma
1057 3191 1161 3252 neque
1184 3167 1296 3233 consul
1318 3168 1353 3230 in

296 3285 310 3329 2
329 3284 441 3346 agotum
456 3283 566 3326 eorum
579 3263 721 3349 legiones
736 3264 862 3327 induxit
875 3275 907 3327 et
920 3263 995 3327 satis
1009 3264 1172 3348 explorata
1188 3283 1268 3346 pace
1283 3260 1352 3325 eius

329 3356 404 3419 anni
429 3355 544 3421 milites
572 3358 707 3421 duarum
733 3357 898 3441 legionum
923 3356 1141 3422 Romanarum
1173 3355 1256 3419 intra
1283 3352 1353 3416 dies

295 3449 496 3534 usexaginta
517 3471 614 3532 quam
635 3451 669 3515 in
692 3450 887 3535 provinciam
909 3450 997 3514 venit
1020 3450 1146 3513 dimisit.
1192 3446 1353 3511 sociorum

328 3544 465 3609 nominis
491 3543 601 3608 Latini
628 3543 769 3609 exercitu
795 3554 920 3608 mature
946 3544 980 3608 in
1006 3543 1139 3607 hiberna
1164 3541 1293 3606 Lunam
1322 3549 1353 3602 et

327 3637 422 3701 Pisas
449 3635 601 3713 deducto,
628 3638 696 3722 ipse
724 3658 796 3701 cum
825 3637 985 3719 equitibus
1012 3635 1137 3702 Galliae
1168 3632 1354 3719 provinciae

328 3731 479 3815 pleraque
497 3730 616 3815 oppida
634 3731 720 3793 adiit.
1268 3797 1274 3803 ,

296 3845 311 3888 4
392 3824 562 3908 Nusquam
581 3823 657 3886 alibi
679 3844 776 3905 quam
797 3825 831 3886 in
847 3822 1041 3887 Macedonia
1057 3821 1177 3885 bellum
1195 3831 1262 3884 erat
1268 3842 1278 3894 ;
1302 3839 1355 3881 su·

330 3927 474 3996 spectum
495 3927 603 3980 tamen
624 3926 656 3978 et
674 3913 829 3979 Gentium
845 3915 1027 3997 Illyriorum
1049 3936 1158 3998 regem
1180 3911 1353 3976 habebant.

296 4004 436 4087 sitaque
455 4019 487 4071 et
503 4021 575 4073 ooto
597 4008 687 4071 navis
705 4018 832 4072 ornatas
851 4030 871 4070 a
887 4004 1058 4070 Brundisio
1082 4017 1210 4070 senatus
1230 4005 1355 4070 censuit

330 4097 499 4161 mittendas
509 4100 550 4162 ad
559 4097 599 4163 C.
607 4099 742 4163 Furium
754 4101 897 4184 legatum
906 4097 1018 4172 Issam,
1036 4098 1178 4181 quicum
1193 4098 1355 4183 praesidio

297 4215 312 4261 e
331 4193 466 4257 duarum
483 4191 658 4256 Issensium
675 4193 804 4257 navium
821 4190 944 4256 insulae
961 4203 1104 4273 praeerat
1121 4229 1165 4240 -
1183 4193 1246 4258 duo
1265 4192 1355 4256 milia
