3384 4975
401 509 444 574 36
573 520 691 575 smus
707 518 866 590 xxm,
885 518 927 572 ro.
941 519 983 573 11.
1002 504 1257 586 [maasiam]

401 701 501 762 quarn
516 690 642 762 pestem
659 675 791 760 frugum
809 675 982 739 tollendam
997 672 1058 738 On.
1074 673 1213 741 Sicinius
1231 688 1361 760 praetor
1378 679 1435 744 de·

402 775 561 859 signatus,
592 793 667 836 curn
695 770 829 855 imperio
863 767 936 854 [in]
965 769 1118 854 Apuliam
1147 770 1279 847 missus,
1309 771 1435 857 ingenti

402 867 530 953 agmine
551 864 717 930 hominum
739 864 781 943 ad
805 862 1000 948 colligendas
1023 884 1077 927 eas
1100 873 1210 928 coacto
1233 862 1434 947 aliquantum

402 959 553 1045 temporis
571 957 759 1042 absumpsit
1380 1028 1383 1035 ¹

369 1073 384 1120 9
465 1051 666 1137 Principium
687 1050 883 1134 insequentis
906 1050 996 1126 anni,
1023 1071 1087 1133 quo
1107 1045 1145 1115 O.
1164 1048 1323 1135 Popillius
1342 1063 1374 1117 et
1391 1052 1431 1118 P.

401 1145 515 1211 Aelius
535 1145 667 1210 fuerunt
683 1144 845 1221 consules,
867 1143 1011 1209 residuas
1029 1142 1247 1208 contentiones
1266 1146 1433 1230 enpriore

353 1263 385 1310 10
403 1261 486 1304 anno
512 1239 634 1305 habuit.
682 1249 790 1323 patres
815 1237 928 1302 referri
954 1237 994 1301 de
1020 1236 1197 1321 Liguribus
1224 1239 1434 1323 renovarique

402 1343 531 1397 senatus
554 1331 735 1396 consultum
756 1331 908 1396 volebant
930 1342 963 1395 et
988 1331 1101 1395 consul
1123 1330 1238 1395 Aelius
1264 1331 1433 1397 referebat.

401 1426 559 1510 Popillius
578 1436 610 1489 et
625 1426 781 1509 collegam
794 1435 826 1489 et
843 1435 991 1489 senatum
1007 1446 1066 1510 pro
1080 1423 1177 1488 fratre
1192 1424 1433 1509 deprecabatur,

402 1542 479 1605 prae
497 1542 531 1584 se
549 1520 666 1595 ferens,
684 1518 804 1601 siquid
819 1518 1036 1596 decernerent,
1054 1518 1311 1583 intercessurum.
1338 1520 1433 1585 colle·

352 1635 383 1680 11
402 1638 478 1700 gam
500 1614 667 1691 deterruit3
694 1624 800 1699 patres
824 1635 862 1678 eo
885 1614 988 1698 magis
1014 1614 1140 1696 utrique
1167 1614 1286 1698 pariter
1311 1616 1433 1681 consuli

403 1707 519 1772 infensi
541 1708 575 1771 in
597 1708 725 1793 incepto
747 1707 942 1792 perstabant,
986 1706 1094 1791 itaque
1113 1729 1186 1772 cum
1204 1708 1244 1771 de
1261 1708 1432 1792 provinciis

403 1812 553 1887 ageretur
574 1812 607 1880 et
622 1801 816 1867 Macedonia
839 1801 904 1865 iam
921 1801 1096 1866 inminente
1112 1802 1224 1866 Persei
1242 1801 1326 1866 bello
1343 1813 1433 1887 pete·

353 1914 385 1960 12
402 1906 503 1970 retur,
521 1895 661 1980 Ligures
684 1896 841 1960 ambobus
864 1895 1048 1961 consulibus
1066 1895 1240 1960 decernunt
1246 1920 1255 1972 ;
1279 1894 1433 1961 Macedo-

402 1990 490 2054 niam
512 1991 693 2056 decreturos
715 2001 852 2076 negant,
879 1988 943 2076 [ni]
967 1991 1007 2056 de
1024 1991 1073 2057 M.
1091 1991 1230 2076 Popillio
1252 1991 1432 2056 referretur.

403 2085 638 2168 postulantibus
670 2085 800 2162 deinde,
831 2095 869 2149 ut
898 2107 999 2150 novos
1025 2087 1183 2151 exercitus
1214 2086 1351 2151 scribere
1377 2100 1434 2151 aut

403 2179 661 2264 supplementum
682 2179 844 2244 veteribus
867 2180 991 2257 liceret,
1013 2191 1185 2264 utrumque
1202 2191 1362 2266 negatum.
1374 2192 1431 2245 est.

354 2297 385 2343 13
403 2273 602 2357 praetoribus
625 2295 753 2357 quoque
776 2273 811 2336 in
828 2274 1021 2358 Hispaniam
1044 2276 1301 2359 supplementum
1323 2286 1433 2360 peten-

405 2365 491 2429 tibus
508 2376 671 2450 negatum,
689 2367 738 2430 M.
752 2366 847 2430 Iunio
866 2365 930 2452 [in]
950 2368 1138 2444 citeriorem,
1157 2367 1214 2453 Sp.
1230 2368 1383 2434 Lucretio
1400 2368 1434 2431 in

353 2484 387 2530 14
404 2461 597 2526 ulteriorem.
624 2459 664 2527 O.
682 2459 827 2526 Licinius
846 2459 982 2528 Crassus
999 2463 1157 2529 urbanam
1174 2463 1432 2537 iurisdictionem,

405 2553 466 2619 Cn.
487 2554 626 2621 Sicinius
643 2554 726 2621 inter
742 2557 928 2641 peregrinos
946 2568 1014 2623 erat
1037 2558 1180 2634 sortitus,
1199 2556 1239 2622 C.
1257 2558 1432 2622 Memmius

355 2672 385 2719 15
405 2649 564 2728 Siciliam,
589 2650 646 2737 Sp.
666 2649 800 2716 Cluvius
823 2651 1015 2718 Sardiniam.
1064 2654 1210 2718 consules
1233 2653 1275 2717 ob
1298 2676 1337 2717 ea
1359 2652 1432 2717 irati

405 2745 544 2822 senatui,
567 2745 693 2810 Latinis
716 2745 792 2810 feris
809 2746 843 2810 in
861 2747 998 2833 primam
1016 2769 1176 2831 quamque
1194 2747 1279 2810 diem
1295 2745 1432 2821 indictis,

403 2839 437 2901 in
454 2839 651 2922 provinciam
674 2839 815 2904 abituros
833 2862 903 2905 esse
922 2840 1161 2915 denuntiarunt,
1184 2839 1432 2922 necquicquam

404 2930 615 3015 reipublicae
636 2943 761 2996 acturos
784 2943 1008 3017 praeterquam
1030 2933 1117 3015 quod
1134 2934 1176 2998 ad
1197 2933 1433 3018 provinciarum

404 3023 710 3089 administrationem
728 3025 892 3089 adtineret.

372 3140 385 3185 1
467 3116 533 3182 XI.
551 3120 708 3197 Attalum,
726 3120 811 3204 regis
821 3120 977 3185 Eumenis
990 3120 1131 3197 fratrem,
1150 3122 1292 3206 legatum
1306 3120 1431 3185 venisse

404 3210 543 3275 Romam
560 3213 708 3277 Valerius
730 3213 848 3278 Antias
870 3214 920 3278 his
943 3213 1127 3280 consulibus
1149 3215 1259 3279 scribit
1279 3215 1322 3280 ad
1344 3214 1433 3278 defe-

404 3306 503 3370 renda
528 3307 568 3371 de
584 3306 705 3372 Perseo
728 3308 861 3372 crimina
882 3308 1131 3392 indicandosque
1155 3320 1326 3394 apparatus
1345 3308 1431 3372 belli.

403 3400 543 3485 plurium
565 3402 710 3477 annales,
734 3401 900 3485 atquibus
918 3404 1090 3468 credidisse
1111 3403 1218 3479 mulis,
1239 3404 1345 3487 ipsum
1363 3400 1433 3465 Eu·

371 3516 385 3561 2
403 3517 530 3560 menam
544 3495 669 3560 venisse
682 3497 822 3561 tradunt.
849 3496 1011 3563 Eumenes
1028 3497 1127 3583 igitur
1140 3508 1175 3562 ut
1184 3496 1320 3561 Romam
1333 3495 1431 3569 venit,

404 3602 558 3677 exceptus
576 3612 650 3655 cum
666 3601 754 3655 tanto
772 3589 893 3657 honore
911 3603 1066 3674 quantum
1083 3614 1147 3656 non
1165 3590 1285 3655 meritis
1307 3599 1433 3652 tantum

404 3684 483 3760 eius,
502 3695 550 3749 set
567 3685 728 3750 beneficiis
748 3686 844 3751 etiam
863 3687 938 3764 suis,
957 3686 1099 3772 ingentia
1116 3708 1200 3768 quae
1217 3685 1251 3748 in
1269 3706 1343 3748 eum
1357 3705 1433 3747 con-

404 3789 495 3859 gesta
513 3789 616 3855 erant,
635 3779 829 3846 existimaret
846 3780 956 3846 deberi
973 3781 1110 3866 populus
1128 3780 1310 3853 Romanus,
1331 3777 1366 3841 in
1383 3799 1433 3842 se·

372 3879 516 3933 anatum
542 3881 591 3936 est
615 3872 823 3938 introductus.
878 3897 1008 3939 causam
1033 3875 1182 3939 veniendi
1208 3872 1269 3937 sibi
1294 3872 1433 3936 Romam

406 3957 504 4023 fuisse
522 3963 602 4027 dixit
618 3977 744 4049 praeter
761 3968 970 4052 cupiditatem
982 3967 1105 4031 visendi
1119 3969 1195 4032 deos
1214 3966 1433 4048 hominesque,

406 4069 540 4132 quorum
568 4058 721 4124 beneficio
746 4061 780 4124 in
803 4084 842 4127 ea
868 4062 997 4126 fortuna
1018 4072 1116 4138 esset,
1143 4085 1241 4145 supra
1267 4083 1366 4144 quam
1391 4082 1433 4123 ne

406 4154 515 4227 optare
529 4148 658 4227 quidem
675 4154 818 4230 auderet,
836 4155 933 4219 etiam
949 4163 986 4217 ut
1003 4174 1110 4218 coram
1127 4166 1270 4220 moneret
1285 4164 1432 4219 senatum

363 4257 389 4317 Ι4
405 4248 442 4303 ut
456 4235 569 4303 Persei
587 4245 707 4309 conatis
725 4248 855 4312 obviam
871 4247 940 4311 iret.
968 4267 1058 4312 orsus
1076 4248 1149 4313 inde
1163 4272 1183 4312 a
1195 4247 1339 4334 Philippi
1356 4270 1432 4311 con·
