3384 4975
450 531 566 586 nrnnu
584 528 774 596 xxxmlu,
794 493 904 580 19421.
924 531 963 594 [α.
972 526 1002 582 c.
1013 527 1072 580 ico.
1083 527 1146 596 168]
1253 513 1318 582 125
1376 581 1385 594 ,

288 689 581 757 Alexandrinorum
600 685 758 768 extemplo
778 682 818 747 C.
836 682 1011 768 Popillium
1029 682 1207 748 Laenatem
1226 695 1258 748 ct
1277 682 1316 749 Ο.

289 785 474 850 Decimium
493 792 524 847 ct
534 778 574 845 C.
584 778 759 842 Hostilium
776 776 899 860 legatos
918 776 960 839 ad
976 777 1151 840 finiendum
1168 778 1251 843 inter
1267 801 1318 843 re-

289 901 346 964 ges
361 879 482 941 bellum
497 874 660 937 miserunt.
688 871 775 955 prius
785 868 993 946 Antiochum,
1012 870 1087 934 dein
1095 869 1316 937 Ptolemaeum
1336 893 1368 941 14

289 972 377 1035 adire
403 969 482 1032 iussi
509 977 540 1030 et
565 964 727 1040 nuntiare,
754 963 787 1026 ni
810 963 982 1026 absistatur
1003 962 1104 1040 bello,
1131 987 1190 1049 per
1210 975 1317 1029 utrum
1402 1026 1405 1032 ,

291 1064 443 1139 stetisset,
471 1083 545 1125 eum
571 1080 635 1123 non
661 1081 719 1144 pro
745 1057 846 1121 amico
869 1079 929 1121 nec
954 1079 1013 1142 pro
1041 1057 1126 1121 socio
1154 1059 1318 1125 habituros

291 1179 435 1312 esseXX.
463 1246 524 1310 His
542 1246 624 1308 intra
642 1244 782 1308 triduum
797 1243 891 1307 simul
906 1265 979 1307 cum
996 1244 1110 1328 legatis
1124 1215 1317 1311 Alexandri·
1338 1269 1350 1314 1

289 1343 339 1407 nis
361 1341 511 1427 profectis
534 1340 631 1425 legati
649 1362 690 1403 ex
707 1338 899 1402 Macedonia
918 1336 1173 1421 Quinquatribus
1196 1339 1320 1404 ultimis

228 1465 231 1480 ¹
288 1438 368 1501 adeo
387 1435 562 1520 exspectati
584 1444 749 1509 venerunt,
768 1442 817 1509 ut,
835 1432 897 1496 nisi
915 1454 1029 1516 vesper
1047 1444 1140 1508 esset,
1159 1434 1318 1518 extemplo

289 1539 435 1595 senatum
457 1528 601 1592 vocaturi
623 1527 768 1591 consules
792 1525 920 1592 fuerint.
965 1539 1092 1613 postero
1115 1527 1167 1592 die
1190 1538 1319 1591 senatus
1339 1541 1354 1587 2

288 1623 350 1687 fuit
362 1622 522 1708 legatique
532 1621 631 1686 auditi
641 1631 724 1685 sunt.
750 1620 1060 1687 iinuntiantmaiore
1069 1621 1210 1706 periculo
1221 1643 1319 1704 quam

288 1717 501 1781 emolumento
520 1717 695 1780 exercitum
717 1737 775 1800 per
796 1713 899 1779 invios
919 1716 1017 1780 saltus
1040 1715 1074 1779 in
1091 1714 1319 1781 Macedoniam

288 1812 466 1876 inductum:
485 1812 635 1888 Pieriam,
645 1833 708 1895 quo
723 1812 939 1896 processisset,
953 1834 1062 1896 regem
1078 1822 1199 1888 tenere3
1215 1822 1319 1875 castra
1337 1830 1351 1876 3

290 1906 400 1969 castris
418 1928 516 1990 prope
533 1906 578 1970 ita
596 1907 721 1970 conlata
740 1928 820 1981 esse,
839 1916 876 1968 ut
890 1905 1141 1990 flumineElpco
1153 1905 1318 1970 interiecto

290 2009 466 2063 arceantur.
494 2021 597 2081 neque
613 2021 723 2083 regem
740 1999 906 2083 pugnandi
921 2009 1112 2082 potestatem
1126 1999 1242 2076 facere,
1260 2021 1319 2063 nec

290 2093 405 2156 nostris
428 2092 493 2154 vim
515 2092 557 2154 ad
579 2092 759 2175 cogendum
781 2114 861 2156 esse.
906 2092 1043 2156 hiemem
1066 2093 1162 2156 ctiam
1190 2093 1319 2177 insuper
1337 2117 1353 2158 4

290 2187 386 2252 rebus
404 2185 551 2271 gerendis
569 2185 786 2249 intervenisse.
813 2186 846 2249 in
865 2186 929 2249 otio
949 2186 1080 2249 militem
1098 2186 1150 2263 ali,
1170 2209 1229 2251 nec
1246 2189 1319 2271 plus

291 2304 389 2365 quam
416 2303 471 2344 sex
495 2277 593 2366 [...]
620 2280 816 2345 frumentum
840 2281 968 2346 habere.
1013 2281 1231 2346 Macedonum
1258 2281 1320 2345 dici

289 2375 421 2459 triginta
447 2374 534 2438 milia
565 2385 759 2438 armatorum
788 2397 867 2439 csse.
922 2377 949 2440 si
975 2377 1040 2462 Ap.
1071 2374 1208 2441 Claudio
1236 2376 1353 2440 circas

290 2467 497 2553 Lychnidum
515 2469 591 2533 satis
604 2469 729 2533 validus
743 2470 900 2535 exercitus
919 2470 1011 2549 foret,
1029 2471 1171 2556 potuisse
1190 2470 1320 2557 ancipiti
1378 2463 1381 2467 ’

291 2562 376 2626 bello
395 2561 535 2624 distineri
552 2584 676 2646 regom3
694 2585 780 2627 nuno
798 2576 830 2628 et
838 2564 984 2649 Appium
1002 2576 1033 2630 et
1052 2563 1170 2650 [quod]
1190 2587 1263 2627 cum
1281 2586 1319 2627 eo

291 2654 441 2741 praesidii
464 2655 519 2730 sit,
544 2656 579 2718 in
601 2677 726 2719 summo
749 2657 890 2741 periculo
914 2679 998 2733 esse,
1024 2658 1086 2720 nisi
1108 2679 1242 2742 propere
1265 2668 1320 2721 aut

291 2752 394 2815 iustus
413 2751 570 2815 exercitus
590 2772 627 2816 eo
645 2751 789 2815 mittatur
807 2761 863 2814 aut
880 2751 927 2813 illi
944 2751 1019 2816 inde
1039 2751 1246 2816 deducantur.
1279 2752 1320 2815 ad
1339 2768 1353 2815 6

292 2845 426 2909 classem
440 2867 473 2908 sc
488 2867 528 2908 ex
542 2846 651 2909 castris
671 2845 831 2930 profectos
846 2845 1005 2910 sociorum
1018 2846 1179 2910 navalium
1197 2855 1320 2931 partem
1424 2883 1430 2894 ι

225 2992 232 2997 .
292 2941 404 3004 morbo
419 2940 545 3003 audisse
560 2940 772 3025 absumptam,
791 2951 925 3025 partem,
938 2941 1077 3006 maxime
1091 2940 1146 3024 qui
1160 2963 1200 3004 ex
1211 2939 1320 3005 Sicilia

292 3033 425 3110 fuerint,
453 3034 563 3097 domos
587 3055 660 3098 suas
679 3035 798 3112 abisse,
827 3046 859 3099 ct
876 3035 1021 3100 homines
1038 3034 1174 3099 navibus
1193 3034 1318 3110 deesse3

292 3127 348 3209 qui
369 3128 445 3203 sint,
471 3150 576 3211 neque
599 3130 792 3214 stipendium
815 3130 974 3215 accepisse
997 3151 1102 3213 neque
1129 3130 1318 3193 vestimenta
1338 3146 1351 3190 7

293 3220 420 3284 habere.
464 3220 632 3286 Eumenen
650 3223 847 3306 classemque
866 3224 949 3301 eius,
969 3234 1132 3307 tamquam
1150 3233 1245 3287 vento
1263 3223 1319 3285 ad-

293 3313 373 3377 latas
390 3336 502 3390 naves,
522 3316 590 3379 sine
608 3336 705 3379 causa
723 3328 755 3381 et
772 3317 897 3382 venisse
916 3327 947 3381 et
965 3318 1080 3391 abisse,
1098 3337 1158 3379 nec
1176 3316 1317 3379 animum
1370 3323 1374 3328 “

294 3408 362 3470 eius
379 3408 463 3491 regis
482 3421 626 3473 constare
644 3411 719 3473 satis
738 3411 852 3475 visum.
889 3411 971 3474 sicut
989 3410 1095 3472 omnia
1113 3409 1153 3472 de
1171 3408 1318 3471 Eumene

295 3500 402 3573 dubia,
422 3498 498 3583 [ita]
516 3501 620 3565 Attali
638 3503 767 3586 egregie
790 3514 989 3566 constantem
1005 3502 1102 3565 fidem
1119 3499 1318 3563 nuntiabant.

360 3591 461 3653 XXI.
488 3591 621 3676 Legatis
645 3595 777 3670 auditis,
801 3605 878 3658 tunc
896 3595 935 3657 de
953 3594 1037 3657 bello
1055 3592 1173 3656 referre
1192 3614 1261 3657 sese
1279 3591 1319 3655 L.
1342 3609 1353 3656 1

297 3684 456 3748 Aemilius
475 3685 563 3748 dixit.
598 3700 726 3751 senatus
744 3688 895 3764 decrevit,
913 3700 950 3751 ut
966 3688 1001 3751 in
1019 3698 1089 3751 octo
1107 3687 1248 3772 legiones
1265 3710 1322 3773 pa·
1341 3703 1355 3749 2

295 3801 364 3843 rem
381 3800 550 3843 numerum
568 3778 767 3844 tribunorum
785 3782 930 3846 consules
954 3792 985 3845 et
1008 3782 1146 3866 populus
1164 3772 1320 3845 crearent:

297 3872 396 3936 creari
415 3883 521 3937 autem
540 3874 699 3938 neminem
717 3897 755 3939 eo
773 3898 856 3940 anno
874 3876 999 3962 placere
1017 3876 1079 3939 nisi
1097 3875 1151 3960 qui
1168 3876 1322 3941 honorem

296 3968 455 4053 gessisset.
483 3978 551 4032 tum
569 3992 610 4034 ex
627 3971 774 4036 omnibus
792 3972 927 4037 tribunis
944 3973 1080 4037 militum
1097 3973 1144 4035 uti
1159 3972 1200 4035 L.
1210 3972 1321 4037 Aemi·
1339 3984 1354 4031 3

296 4062 357 4126 lius
376 4062 409 4126 in
431 4063 510 4128 duas
527 4064 670 4150 legiones
688 4066 721 4130 in
738 4065 979 4144 Macedoniam,
1002 4088 1084 4150 quos
1108 4088 1218 4131 eorum
1235 4067 1318 4144 velit,

298 4156 404 4241 eligat,
422 4169 454 4222 et
466 4170 502 4223 ut
517 4160 661 4224 sollemni
673 4160 864 4227 Latinarum
877 4162 1018 4247 perfecto
1029 4160 1069 4223 L.
1079 4161 1237 4225 Aemilius
1247 4182 1322 4224 con-

299 4252 362 4329 sul,
386 4250 446 4316 On.
464 4251 620 4320 Octavius
638 4269 778 4342 praetor,
797 4257 849 4323 cui
868 4256 976 4321 classis
995 4255 1174 4341 obtigisset,
1198 4254 1232 4318 in
1248 4275 1322 4340 pro-
