3384 4975
340 529 382 595 88
554 542 671 599 LIBER
688 507 863 608 XXXXHI,
882 539 907 595 1.
921 538 946 594 2.
966 541 1005 608 [a.
1015 554 1043 592 u.
1054 555 1077 593 c.
1087 538 1152 606 583]

340 711 430 776 runt,
450 698 599 765 Cassium
617 697 801 782 Aquileiam
819 695 937 760 indicto
956 695 1097 760 exercitu
1113 694 1293 780 profectum
1312 720 1374 784 per

341 794 505 880 Illyricum
521 793 555 856 in
571 791 799 857 Macedoniam
817 812 896 855 esse.
929 811 967 853 ea
984 812 1035 854 res
1053 788 1155 873 primo
1172 789 1372 859 incredibilis

341 888 420 966 visa,
439 898 471 953 et
487 909 545 972 pro
563 909 597 951 se
615 887 750 970 quisque
766 884 894 950 credere
905 881 1019 947 Carnis
1037 883 1171 946 forsitan
1185 894 1241 948 aut
1248 885 1372 951 Histris

309 1003 323 1050 8
341 980 460 1045 bellum
478 980 621 1044 inlatum.
648 992 717 1045 tum
726 977 951 1061 Aquileienses
969 976 1047 1040 nihil
1065 997 1100 1041 se
1112 977 1197 1041 ultra
1213 977 1295 1043 seire
1310 1001 1374 1045 nee

252 1145 255 1153 ,
342 1075 459 1139 audere
477 1074 644 1139 adfirmare
662 1095 759 1157 quam
777 1071 908 1156 triginta
921 1070 1045 1135 dierum
1062 1069 1259 1136 frumentum
1277 1074 1373 1138 militi

342 1170 452 1235 datum
469 1180 501 1234 et
518 1169 626 1244 duces,
645 1168 700 1251 qui
718 1190 758 1231 ex
767 1164 863 1230 Italia
879 1165 992 1232 itinera
1009 1164 1279 1230 inMacedoniam
1295 1189 1373 1233 nos-

309 1285 322 1330 9
342 1274 428 1340 sent,
455 1263 648 1346 conquisitos
676 1259 906 1342 abductosque.
952 1258 1113 1323 enimvero
1136 1270 1265 1324 senatus
1286 1260 1373 1326 indi·

341 1358 444 1442 gnari,
457 1366 581 1421 tantum
594 1355 756 1420 consulem
771 1375 895 1428 ausum,
910 1362 945 1416 ut
959 1373 1049 1416 suam
1063 1352 1261 1437 provinciam
1275 1355 1374 1420 relin-

342 1461 469 1534 queret,
496 1450 530 1514 in
552 1448 689 1513 alienam
711 1447 873 1523 transiret,
896 1446 1070 1512 exercitum
1088 1467 1173 1511 novo
1189 1447 1373 1532 periculoso

341 1545 453 1610 itinere
474 1543 557 1610 inter
573 1553 698 1608 exteras
715 1553 827 1628 gentes
846 1542 991 1618 duceret,
1014 1541 1101 1606 viam
1124 1551 1171 1605 tot
1186 1542 1373 1608 nationibus

292 1660 324 1708 ro
341 1639 511 1704 inItaliam
530 1637 675 1722 aperiret.
704 1638 879 1701 decernunt
895 1635 1088 1718 frequentes,
1106 1645 1143 1700 ut
1156 1632 1195 1700 O.
1207 1633 1372 1721 Sulpicius

341 1745 469 1819 praetor
490 1732 546 1796 tris
564 1754 605 1797 ex
623 1743 736 1797 senatu
758 1731 900 1795 nominet
917 1731 1056 1816 legatos,
1074 1730 1130 1814 qui
1148 1752 1187 1797 eo
1205 1730 1256 1796 die
1273 1733 1372 1816 profi-

343 1828 502 1892 ciscantur
515 1849 555 1893 ex
572 1828 652 1892 urbe
667 1839 698 1892 et
716 1837 872 1912 quantum
887 1826 1067 1892 adcelerare
1084 1827 1210 1912 possint
1220 1824 1378 1892 Cassium.

293 1941 323 1986 11
342 1922 515 1999 consulem,
533 1922 728 2006 ubicumque
746 1921 796 1998 sit,
814 1932 1057 2005 persequantur,
1071 1921 1227 1999 nuntient,
1244 1943 1286 1987 ne
1303 1922 1374 1987 bel·

341 2016 410 2080 lum
427 2038 501 2080 cum
519 2017 585 2081 ulla
601 2027 698 2101 gente
716 2025 844 2080 moveat
861 2014 923 2079 nisi
941 2036 1014 2079 cum
1029 2036 1093 2098 qua
1108 2025 1237 2079 senatus
1256 2037 1373 2099 geren-

293 2096 323 2175 1a
342 2109 419 2174 dum
436 2109 603 2175 censuerit.
630 2109 728 2195 legati
745 2108 779 2173 hi
796 2108 931 2193 profecti
949 2109 997 2173 M.
1010 2105 1178 2173 Cornelius
1195 2105 1374 2194 Cethegus,

204 2208 207 2213 '
341 2203 391 2269 M.
409 2204 560 2280 Fulvius,
582 2203 623 2267 P.
641 2202 785 2269 Marcius
803 2202 886 2268 Rex.
930 2213 1035 2267 metus
1059 2201 1099 2266 de
1123 2201 1252 2266 consule
1273 2213 1393 2286 atque,

343 2297 484 2362 exercitu
502 2297 623 2361 distulit
640 2318 678 2361 eo
697 2307 839 2381 tempore
858 2296 1049 2378 muniendae
1061 2296 1232 2379 Aquileiae
1250 2317 1373 2361 curam.

310 2407 323 2452 1
406 2390 452 2454 II.
474 2391 652 2474 Hispaniae
670 2389 784 2454 deinde
797 2388 964 2472 utriusque
982 2389 1081 2474 legati
1099 2389 1220 2473 aliquot
1237 2390 1375 2475 populo·

310 2503 325 2549 2
342 2506 422 2546 rum.
436 2481 470 2547 in
493 2495 639 2547 senatum
659 2481 841 2547 introducti.
885 2481 908 2546 ii
926 2482 966 2547 de
987 2481 1233 2568 magistratuum
1250 2483 1374 2549 Roma-

342 2600 457 2642 norum
483 2578 616 2643 avaritia
639 2578 852 2662 superbiaque
875 2578 1055 2661 conquesti,
1081 2578 1148 2641 nixi
1169 2578 1306 2663 genibus
1329 2579 1374 2643 ab

344 2683 456 2737 senatu
473 2672 647 2758 petierunt,
669 2695 711 2737 ne
734 2695 768 2737 se
787 2671 890 2737 socios
908 2671 1033 2737 foedius
1051 2671 1180 2757 spoliari
1197 2671 1372 2756 vexarique

310 2785 324 2831 3
342 2787 440 2848 quam
457 2766 555 2831 hostis
573 2767 745 2852 patiantur.
781 2788 855 2831 cum
873 2776 906 2831 et
922 2765 986 2830 alia
1001 2765 1135 2849 indigna
1152 2774 1373 2848 quererentur,

343 2859 547 2923 manifestum
573 2870 680 2923 autem
708 2869 791 2924 esset
817 2858 968 2943 pecunias
996 2869 1121 2944 captas,
1149 2857 1190 2921 L.
1214 2856 1372 2923 Canuleio

343 2953 490 3035 praetori,
504 2951 560 3033 qui
568 2952 759 3037 Hispaniam
773 2952 902 3017 sortitus
916 2962 994 3029 erat,
1008 2952 1174 3037 negotium
1189 2951 1299 3017 datum
1313 2963 1373 3027 est,

343 3057 380 3108 ut
405 3045 439 3108 in
465 3045 623 3129 singulos,
650 3069 670 3109 a
696 3046 812 3129 quibus
838 3045 979 3131 Hispani
1004 3046 1156 3131 pecunias
1182 3056 1373 3132 repeterent,

345 3138 458 3221 quinos
480 3149 717 3222 recuperatores
736 3162 776 3203 ex
794 3139 904 3204 ordine
923 3140 1080 3204 senatorio
1100 3138 1190 3203 daret
1206 3150 1373 3225 patronos-

309 3253 327 3299 4
345 3255 407 3317 que
424 3255 504 3317 quos
522 3234 640 3298 vellent
657 3235 802 3299 sumendi
818 3245 1009 3320 potestatem
1026 3234 1155 3300 faceret.
1199 3234 1320 3298 vocatis
1338 3234 1374 3297 in

344 3328 465 3393 curiam
486 3329 600 3415 legatis
617 3330 784 3395 recitatum
802 3341 852 3395 est
869 3341 997 3396 senatus
1016 3332 1211 3407 consultum,
1228 3329 1372 3412 iussique

310 3443 325 3489 5
343 3422 507 3488 nominare
524 3434 685 3508 patronos.
712 3435 864 3508 quattuor
880 3425 1134 3499 nominaverunt,
1152 3424 1201 3488 M.
1218 3422 1373 3487 Porcium

345 3514 514 3591 Catonem,
525 3516 565 3581 P.
585 3514 771 3583 Cornelium
793 3514 855 3582 Cn.
874 3517 897 3581 f.
917 3516 1117 3604 Scipionem,
1135 3518 1177 3581 L.
1195 3514 1372 3580 Aemilium

311 3631 324 3677 o
344 3609 384 3675 L.
399 3611 422 3675 f.
436 3611 587 3688 Paulum,
606 3609 645 3677 C.
661 3612 840 3698 Sulpicium
855 3610 997 3678 Gallum.
1023 3614 1072 3678 M.
1088 3612 1207 3677 Titinio
1224 3610 1376 3696 primum,

344 3705 399 3786 qui
422 3718 549 3789 praetor
566 3706 610 3769 A.
628 3706 767 3783 Manlio,
788 3706 839 3769 M.
858 3706 952 3770 Iunio
970 3706 1154 3771 consulibus
1176 3705 1210 3769 in
1228 3703 1374 3768 citeriore

344 3798 502 3882 Hispania
519 3799 633 3875 fuerat,
651 3811 889 3884 recuperatores
908 3807 1097 3865 sumserunt.
1125 3798 1174 3863 bis
1193 3798 1377 3883 ampliatus,

313 3911 326 3954 r
345 3890 437 3953 tertio
455 3892 620 3957 absolutus
638 3902 686 3957 est
704 3915 787 3958 reus.
820 3893 974 3959 dissensio
991 3892 1074 3955 inter
1091 3891 1227 3955 duarum
1245 3890 1378 3976 provin·

346 3981 466 4044 ciarum
491 3985 614 4070 legatos
637 3996 685 4050 est
706 3997 789 4050 orta:
817 3986 968 4051 citerioris
991 3983 1168 4068 Hispaniae
1194 3984 1306 4070 populi
1323 3984 1373 4049 M.

347 4072 504 4140 Catonem
526 4091 558 4143 et
575 4080 775 4165 Scipionem,
798 4080 956 4145 ulterioris
973 4078 1014 4143 L.
1032 4077 1173 4143 Paulum
1190 4090 1222 4144 et
1241 4078 1375 4145 Gallum

313 4191 329 4239 8
347 4168 527 4254 Sulpicium
544 4187 693 4256 patronos
711 4184 902 4241 sumserunt.
939 4172 981 4238 ad
997 4171 1224 4257 reciperatores
1243 4171 1376 4237 adducti

349 4288 367 4330 a
384 4261 586 4330 citerioribus
602 4270 729 4353 populis
750 4268 791 4334 P.
809 4267 927 4333 Furius
949 4265 1079 4343 Philus,
1106 4267 1147 4331 ab
1170 4266 1376 4332 ulterioribus
