3384 4975
504 521 1113 617 nnmxxxxrm,sa.asa.e1a]
1263 512 1325 577 139

301 692 358 759 sed
383 710 489 756 rerum
514 706 665 771 praesens
692 682 823 748 effectus
851 693 927 746 erat.
971 681 1131 745 nemiuem
1153 681 1226 746 totis
1248 703 1358 752 moxa

300 784 411 851 castris
435 781 578 865 quietum
601 776 740 852 videres3
767 797 881 840 acuere
904 774 958 837 alii
979 774 1118 859 gladios,
1145 776 1198 839 alii
1215 778 1323 861 galeas

300 877 527 957 bucculasque,
546 880 708 935 scutorum
726 866 796 954 [alii
814 865 893 953 ...],
912 868 966 932 alii
982 867 1095 932 loricas
1114 878 1251 953 tergere,
1271 870 1325 934 alii

300 983 410 1057 aptare
424 965 548 1051 corpori
562 986 660 1040 arma,
675 962 874 1047 experirique
890 961 950 1025 sub
964 960 1013 1024 his
1028 962 1242 1025 membrorum
1256 963 1324 1048 agi-

300 1065 433 1138 litatem,
451 1069 582 1144 quatere
596 1057 649 1121 alii
663 1057 737 1141 pila,
752 1055 805 1120 alii
818 1056 935 1120 micare
949 1055 1064 1140 gladiis
1078 1077 1325 1139 mucronemque

300 1156 430 1233 intueri,
456 1163 494 1219 ut
514 1151 607 1216 facile
630 1151 701 1232 quis
724 1159 881 1226 cerneret,
904 1149 961 1212 ubi
982 1149 1120 1233 primum
1139 1151 1324 1214 conserendi
1343 1171 1357 1216 a

300 1272 431 1315 manum
448 1270 522 1311 curn
535 1244 625 1308 hoste
640 1244 715 1307 data
729 1243 853 1308 occasio
868 1253 960 1320 esset,
981 1254 1035 1307 aut
1049 1243 1181 1307 victoria
1195 1244 1324 1328 egregia

300 1353 355 1409 aut
371 1351 472 1406 morte
490 1337 688 1403 memorabili
705 1337 850 1400 finituros
874 1337 1003 1402 bellum.
1038 1336 1178 1402 Perseus
1196 1358 1324 1420 quoque
1344 1359 1375 1405 10

298 1460 373 1503 cum
400 1437 539 1500 adventu
563 1432 700 1497 consulis
724 1432 818 1497 simul
845 1443 877 1497 et
899 1431 982 1496 veris
1005 1431 1160 1518 principio
1184 1443 1323 1517 strepere

299 1531 405 1597 omnia
427 1529 609 1612 moverique
632 1539 711 1612 aput
733 1527 839 1592 hostes
862 1528 950 1592 velut
967 1549 1050 1592 novo
1068 1527 1152 1592 bello
1171 1538 1322 1605 cerneret,

298 1635 386 1690 mota
399 1647 419 1689 a
431 1623 527 1687 Phila
544 1632 649 1687 castra
664 1621 698 1684 in
716 1621 850 1685 adversa
867 1621 936 1707 ripa
953 1621 1067 1706 posita,
1084 1644 1171 1686 nunc
1189 1622 1230 1685 ad
1248 1644 1324 1686 con-

298 1718 481 1805 templanda
495 1739 592 1800 opera
606 1739 666 1780 sua
678 1714 845 1779 circumire
860 1715 985 1792 ducem,
1003 1715 1196 1782 hauddubie
1210 1716 1323 1780 transi-

297 1825 349 1877 tus
369 1807 602 1896 speculan[tem
686 1807 920 1894 Roma]n0rum
938 1831 1017 1875 esse.

363 1903 515 1968 XXXV.
542 1903 636 1983 Quae
654 1926 704 1966 res
714 1903 867 1967 Romanis
886 1904 975 1968 auxit
992 1905 1124 1980 animos,
1134 1904 1322 1969 Macedoni·
1343 1940 1354 1984 1

298 2001 359 2065 bus
377 1997 508 2082 regique
526 2019 636 2060 eorum
653 1997 732 2060 haut
749 1997 942 2061 mediocrem
959 1998 1065 2062 attulit
1083 2009 1243 2063 terrorem.
1290 2010 1322 2062 et
1341 2017 1355 2062 2

298 2093 402 2178 primo
420 2090 616 2174 supprimere
638 2089 672 2153 in
690 2090 814 2153 occulto
832 2089 952 2153 famam
970 2091 1038 2156 eius
1061 2091 1107 2155 rei
1125 2103 1173 2154 est
1191 2103 1322 2156 conatus

298 2185 416 2261 missis,
443 2184 499 2266 qui
522 2182 747 2247 Pantauchum
767 2183 841 2247 inde
867 2184 1044 2248 venientem
1067 2183 1321 2268 adpropinquare

298 2278 409 2344 castris
432 2287 585 2342 vetarent.
631 2277 688 2340 aed
710 2276 773 2341 iarn
797 2288 829 2341 et
851 2278 942 2362 pueri
964 2277 1095 2360 quidam
1118 2276 1178 2341 visi
1196 2277 1237 2341 ab
1256 2277 1355 2341 suisa

297 2383 388 2437 erant
404 2372 486 2436 inter
504 2371 623 2435 obsidis
637 2371 763 2455 Illyrios
782 2372 883 2448 ducti3
903 2383 935 2436 et
952 2394 1015 2456 quo
1030 2392 1175 2454 quaeque
1193 2394 1322 2436 accura-

297 2467 360 2530 tius
379 2467 535 2541 celantur,
563 2487 600 2531 eo
617 2466 742 2530 facilius
764 2466 957 2549 loquacitate
979 2466 1141 2553 regiorum
1163 2465 1323 2531 ministro-

298 2584 371 2626 rum
388 2570 547 2623 emanant.

365 2652 435 2719 Sub
462 2652 548 2721 idem
573 2662 699 2739 tempus
722 2645 951 2737 Rhodi'legatt
977 2653 1011 2715 in
1037 2664 1140 2716 castra
1166 2664 1356 2717 venerumt

298 2770 372 2812 curn
389 2746 490 2811 isdem
504 2747 544 2810 de
557 2768 636 2830 pace
651 2746 818 2822 mandatis,
837 2767 919 2829 quae
930 2747 1052 2810 Romae
1065 2747 1227 2830 ingentem
1242 2746 1322 2811 iram

251 2893 253 2897 ,
296 2853 422 2926 patrum
442 2840 629 2904 excitavere.
657 2840 756 2903 multo
774 2840 983 2922 iniquioribus
1001 2839 1113 2904 animis
1133 2863 1152 2904 a
1170 2841 1321 2906 castrensi

297 2934 427 2998 consilio
446 2934 546 2997 auditi
563 2943 645 2997 sunt
673 2932 782 3015 itaque
800 2934 933 3022 cumali
947 2931 971 3019 [.
983 2982 990 2997 .
1002 2981 1009 2998 .
1022 2981 1044 3010 .,
1060 2932 1116 3019 ali]
1132 2934 1320 3020 praecipites
1338 2952 1354 2999 5

297 3026 363 3091 sinc
373 3049 524 3111 responso
534 3026 676 3113 agendos
686 3026 807 3103 castris,
818 3024 916 3112 [ipse]
927 3028 1142 3111 pronuntiavit
1155 3040 1227 3114 post
1237 3029 1321 3095 diem

297 3120 443 3203 quintum
469 3120 628 3185 decimum
650 3144 684 3185 se
704 3143 892 3206 responsum
915 3122 1072 3186 daturum.
1116 3123 1258 3202 interim,
1286 3136 1321 3190 ut
1340 3140 1354 3189 6

296 3222 477 3296 appareret,
500 3225 655 3297 quantum
678 3215 911 3299 pacificantium
929 3216 1128 3280 Rhodiorum
1150 3219 1320 3284 auctoritas

296 3305 458 3382 valuisset,
477 3309 656 3372 consultare
674 3309 713 3373 de
730 3310 851 3374 ratione
870 3309 944 3373 belli
962 3310 1094 3395 gerendi
1112 3312 1224 3396 coepit.
1250 3313 1320 3398 pla·
1339 3330 1353 3374 7

296 3401 389 3464 cebat
408 3401 615 3483 quibusdam,
638 3413 670 3467 et
686 3405 823 3468 maxime
840 3404 1013 3468 maioribus
1036 3415 1128 3480 natu,
1150 3428 1208 3489 per
1225 3407 1320 3491 Elpei

295 3492 398 3575 ripam
412 3494 667 3576 munitionesque
680 3497 745 3558 vim
759 3497 878 3561 facere:
899 3497 1047 3561 confertis
1057 3509 1088 3561 et
1102 3521 1166 3561 uno
1177 3497 1319 3583 [agmine

296 3584 466 3669 impetum]
486 3586 676 3650 facientibus
693 3589 838 3653 resistere
856 3590 1053 3654 Macedonas
1070 3611 1135 3653 non
1152 3614 1259 3675 posse,
1278 3616 1318 3658 ex

296 3689 343 3742 tot
370 3679 506 3743 castellis
533 3681 694 3765 aliquanto
718 3681 881 3747 altioribus
908 3706 945 3747 ac
971 3684 1209 3760 munitioribus,
1236 3708 1318 3768 quae

296 3772 409 3837 validis
427 3772 591 3857 praesidiis
615 3773 817 3852 insedissent,
839 3777 943 3862 priore
962 3798 1044 3841 anno
1064 3778 1211 3843 deiectos.
1248 3781 1317 3845 aliis
1335 3802 1351 3849 8

295 3866 444 3952 placebat
461 3865 635 3932 Octavium
658 3888 731 3932 cum
753 3870 854 3935 classe
876 3871 1136 3936 Thessalonicam
1158 3884 1264 3957 petere
1286 3886 1317 3941 et

296 3961 499 4045 populatione
518 3962 705 4027 maritumae
723 3984 796 4028 orae
815 3965 1127 4051 distringerecopias
1140 3966 1259 4051 regias,
1283 3980 1318 4033 ut

296 4055 395 4120 altero
412 4056 454 4119 ab
476 4068 566 4143 tergo
584 4081 618 4123 se
636 4060 820 4124 ostendente
842 4061 926 4125 bello
945 4062 1155 4126 circumactus
1173 4062 1215 4125 ad
1236 4063 1317 4130 inte-

295 4148 409 4214 riorem
427 4162 550 4235 partem
568 4153 659 4236 regni
676 4154 827 4218 tuendam
841 4154 963 4219 nudare
976 4155 1083 4237 aliqua
1099 4168 1189 4241 parte
1203 4160 1316 4222 transi·

296 4253 347 4328 tus
364 4244 458 4331 Elpei
476 4258 650 4332 cogeretur.
678 4247 739 4333 ipsi
755 4263 870 4313 natura
888 4259 919 4315 et
941 4250 1090 4335 operibus
1111 4250 1315 4337 inexsupera-
1333 4273 1347 4319 9
