3384 4975
560 1107 767 1175 [camoena
785 1047 1062 1209 rnerbtr‘rbjigs
1114 1100 1141 1204 :⁶⁸
1181 1143 1215 1206 ·.‘

350 1264 442 1334 [Ignis
456 1263 485 1317 in
498 1263 568 1317 aede
578 1263 682 1318 Vestae
692 1263 830 1318 extinctus
843 1268 893 1318 est.
930 1262 973 1316 Ti.
985 1217 1322 1340 Semproiilasffiiijlqc'lihs
1331 1293 1353 1343 ‚3

297 1341 447 1412 proconsul
456 1339 610 1395 Celtiberos
619 1340 744 1394 victosin
753 1340 924 1394 deditionem
939 1340 1048 1409 accepit
1060 1339 1354 1412 monumentumiluessg
1378 1330 1448 1422 ,ἵξῃ
1476 1393 1485 1412 ,

297 1435 412 1488 operum
428 1433 539 1470 suorum
550 1414 733 1471 Gracchurim
746 1417 880 1487 oppidum
899 1417 929 1470 in
942 1416 1083 1487 Hispania
1102 1419 1248 1472 constituit
1264 1424 1323 1474 eta
1345 1420 1406 1490 ⁹·'·.
1440 1419 1475 1489 20·

296 1494 442 1551 Postumio
460 1493 566 1548 Albino
586 1495 752 1564 proconsule
770 1494 895 1549 Vaccaei
919 1511 952 1548 ac
971 1494 1101 1548 Lusitani
1121 1496 1232 1550 subacti
1249 1502 1322 1550 sunt.

295 1579 414 1641 uterque
428 1571 615 1640 triumphavit.
650 1571 806 1626 Antiochus
820 1570 954 1625 Antiochi
972 1570 1046 1624 filius
1064 1572 1145 1626 obses
1158 1573 1291 1626 Romanis
1306 1590 1323 1626 a

296 1654 378 1719 patre
388 1649 479 1716 datus,
497 1653 606 1701 mortuo
615 1647 703 1703 fratre
713 1647 841 1717 Seleuco,
856 1649 905 1718 qui
914 1647 988 1717 patri
997 1647 1129 1703 defuncto
1140 1655 1321 1718 successerat,

296 1727 326 1779 in
340 1742 457 1796 regnum
470 1723 570 1794 Syriae
583 1726 619 1779 ab
633 1727 702 1781 urbe
717 1726 855 1779 dimissus.
893 1725 938 1795 qui
955 1731 1068 1795 praeter
1076 1726 1250 1798 religionem,
1266 1743 1322 1796 qua

296 1802 385 1856 multa
397 1801 505 1871 templa
516 1801 668 1874 magnifica
680 1803 775 1857 multis
793 1803 862 1857 locis
877 1803 972 1872 erexit,
987 1803 1106 1858 Athenis
1115 1803 1188 1857 Iovis
1199 1803 1323 1874 Olympii

297 1883 326 1932 et
334 1878 502 1933 Antiochiae
512 1878 706 1949 [Capitolini],
720 1880 883 1933 vilissimum
896 1896 992 1951 regem
1002 1881 1067 1952 egit
1101 1880 1218 1933 lustrum
1228 1897 1246 1932 a
1259 1897 1321 1934 cen·

297 1955 406 2008 soribus
419 1955 562 2008 conditum
579 1962 634 2025 est3
654 1974 739 2011 censa
751 1962 817 2010 sunt
830 1956 932 2010 civium
946 1957 1041 2026 capita
1054 1957 1174 2010 ducenta
1187 1956 1321 2026 quinqua·

297 2033 378 2102 ginta
391 2038 454 2086 octo
468 2031 547 2085 milia
560 2032 682 2087 ducenta
695 2034 852 2104 nonaginta
867 2039 1007 2103 quattuor.
1047 2032 1078 2096 Q.
1093 2033 1235 2087 Voconius
1250 2031 1323 2087 Saxa

295 2109 426 2161 tribunus
440 2107 531 2177 plebis
545 2107 638 2177 legem
651 2109 725 2175 tulit,
738 2127 774 2162 ne
784 2111 846 2177 quis
855 2110 999 2162 mulierem
1013 2109 1145 2162 heredem
1157 2110 1322 2162 institueret.

296 2184 387 2238 suasit
402 2185 496 2255 legem
513 2182 552 2236 M.
566 2184 650 2253 θεῖος
670 2190 746 2238 extat
760 2185 849 2238 oratio
863 2184 931 2238 eius.
965 2190 1114 2253 praeterea
1130 2201 1174 2237 res
1192 2184 1323 2237 adversus

295 2261 418 2332 Ligures
432 2267 461 2315 et
473 2260 584 2314 Histros
598 2268 627 2315 et
642 2260 744 2316 Sardos
758 2266 788 2315 ct
800 2259 955 2315 Celtiberos
974 2277 992 2314 a
1011 2260 1190 2329 conpluribus
1208 2259 1323 2314 ducibus

296 2354 429 2408 prospere
443 2343 538 2407 gestas
557 2344 585 2392 et
598 2338 679 2393 initia
694 2338 762 2392 belli
776 2337 954 2392 Macedonici
968 2336 1104 2406 continet,
1120 2339 1194 2408 quod
1204 2337 1323 2392 Perseus

298 2413 423 2484 Philippi
441 2414 516 2468 filius
533 2416 707 2471 moliebatur.
752 2416 868 2470 miserat
886 2417 922 2470 ad
941 2415 1188 2487 Carthaginienses
1205 2415 1323 2487 legatio·

296 2508 374 2557 nem,
394 2496 423 2544 et
441 2492 476 2544 ab
490 2492 532 2544 his
546 2499 627 2547 noete
641 2494 739 2547 audita
752 2498 820 2548 erat.
858 2494 906 2548 sed
921 2498 950 2548 et
964 2495 1033 2549 alias
1044 2492 1180 2549 Graeciae
1195 2493 1323 2547 civitates

296 2566 493 2632 sollicitabat]

727 2792 896 2803 ...a-—

668 2986 799 3068 ΤΙΤΙ
821 2985 960 3067 LIVl

583 3128 644 3185 AB
671 3128 797 3186 veen
823 3125 1043 3187 oonnrra

674 3325 792 3378 LIBER
810 3324 949 3379 XXXXI.

364 3480 392 3541 Ι.
421 3477 436 3562 [
438 3525 521 3541 .....
523 3477 538 3561 ]
562 3502 581 3542 a
603 3492 693 3563 patre
719 3482 753 3543 in
779 3504 859 3564 pace
886 3481 1029 3543 habitam
1052 3502 1191 3542 armasse
1224 3498 1358 3557 coquet

299 3572 458 3635 iuventuti
487 3574 662 3652 praedandi
693 3574 828 3654 cupidae
859 3583 1026 3655 pergratus
1054 3593 1121 3633 esse
1150 3569 1324 3631 dicebatur.

299 3661 469 3728 consilium
501 3662 541 3725 de
567 3663 708 3727 Histrico
741 3664 824 3728 bello
852 3687 925 3727 eum
955 3664 1087 3728 haberet
1117 3663 1242 3739 consul,
1273 3663 1324 3726 alii

246 3815 255 3837 s
299 3754 478 3843 gerendum
496 3756 670 3839 cntempla,
693 3767 864 3839 antequam
888 3755 1072 3821 contrahere
1090 3756 1196 3841 copias
1219 3755 1325 3821 hostes

301 3858 442 3936 possent,
460 3849 514 3934 alii
532 3850 761 3913 consulendum
778 3850 866 3935 prius
884 3862 1030 3916 senatum
1048 3850 1228 3916 censebant.
1252 3851 1324 3915 vicit
1345 3871 1358 3917 2

301 3943 469 4019 sententia,
488 3964 570 4026 quae
588 3944 672 4009 diem
689 3967 753 4009 non
771 3945 961 4029 proferebat.
994 3946 1155 4030 profectus
1174 3946 1214 4009 ab
1223 3945 1326 4029 Aqui-

301 4038 365 4101 leia
383 4038 493 4101 consul
511 4048 614 4102 castra
632 4038 674 4101 ad
690 4039 796 4103 lacum
815 4038 941 4103 Timavi
959 4038 1078 4123 posuit3
1096 4038 1229 4103 inminet
1245 4038 1326 4103 mari

302 4130 331 4195 is
348 4131 447 4194 lacus.
493 4132 605 4196 eodem
623 4132 734 4197 decem
756 4134 891 4196 novibus
911 4130 949 4196 O.
967 4132 1085 4195 Furius
1104 4131 1252 4196 duumvir
1270 4156 1327 4195 na-

304 4224 383 4287 valis
402 4225 496 4288 venit..
532 4226 683 4291 adversus
701 4228 884 4311 Illyriorum
902 4228 1035 4291 classem
1054 4227 1151 4292 creati
1168 4225 1327 4290 duumviri
1346 4244 1360 4290 3

356 4323 402 4365 niet
413 4325 495 4368 cohil&
1141 4327 1157 4379 1
