3384 4975
346 440 388 505 92
550 450 668 506 aman
683 450 841 520 mxu,
860 451 903 506 ca.
917 452 958 506 ι.
979 451 1161 520 [aucas]

344 622 446 687 ratus,
470 609 556 694 quod
573 629 638 693 qua
654 618 744 694 parte
762 607 855 692 palus
872 608 985 673 urbem
1003 608 1102 693 cingit
1123 630 1183 673 nec
1205 608 1371 677 adtinebat

312 725 327 774 6
345 703 524 790 oppugnari
541 725 600 767 nec
617 712 750 787 poterat
776 700 846 787 ipse
862 701 903 766 ab
918 725 957 766 ca
972 711 1072 786 parte,
1091 723 1155 785 qua
1168 702 1251 768 duae
1265 714 1371 771 turres

345 799 494 883 quodque
510 798 593 862 inter
611 819 664 862 eas
681 795 764 860 muri
781 795 886 860 fuerat
904 793 1106 881 [corruerat],
1124 795 1293 863 duomilia
1311 800 1372 864 mi·

345 894 435 958 litum
453 892 648 968 delectorum
666 889 816 968 admovit,
836 886 903 975 [ut]
922 890 1035 955 eodem
1048 901 1199 975 tempore,
1217 913 1282 974 quo
1299 892 1371 978 ipse

345 987 566 1052 transcendere
587 985 695 1050 ruinas
714 995 896 1061 conaretur,
915 1005 1072 1050 concursu
1089 983 1240 1050 adversus
1259 1008 1294 1051 se
1312 1008 1370 1072 op·

343 1082 619 1169 pidanorumt
554 1080 641 1145 facto
664 1079 757 1145 scalis
779 1101 882 1143 vacua
905 1078 1124 1144 defensoribus
1147 1080 1274 1145 moenia
1296 1082 1370 1167 capi

311 1193 325 1239 ι
343 1187 433 1261 parte
455 1176 562 1259 aliqua
582 1184 720 1259 possent.
764 1151 869 1238 haud
875 1170 1014 1258 segniter
1025 1174 1237 1282 oppidani
1207 1197 1273 1238 vim
1299 1175 1369 1240 eius

344 1291 451 1334 arcere
467 1279 591 1354 parant.
626 1290 702 1330 nam
720 1278 968 1351 superstratum
985 1267 1084 1331 ruinis
1101 1267 1208 1332 locum
1224 1267 1369 1334 fascibus

343 1362 439 1427 aridis
457 1372 689 1426 sarmentorum
711 1360 834 1425 iniectis
853 1371 971 1425 stantes
990 1381 1063 1424 cum
1081 1361 1192 1426 ardent
1193 1362 1265 1426 ibus
1287 1362 1368 1427 faci·

342 1456 404 1521 bus
422 1477 610 1522 accensuros
628 1476 699 1519 eam
717 1477 750 1519 se
769 1476 897 1539 saepem
919 1454 1137 1532 minabantur,
1164 1466 1199 1518 ut
1217 1455 1367 1520 incendio

342 1549 527 1634 intersaepti
554 1548 595 1612 ab
617 1549 709 1613 hoste
730 1548 868 1633 spatium
895 1549 937 1612 ad
959 1548 1159 1613 obiciendum
1185 1549 1367 1616 interiorem

309 1661 470 1710 8murum
495 1642 658 1707 haberent.
703 1641 820 1725 quod
810 1653 973 1747 mceptum
997 1664 1106 1706 eorum
1127 1642 1193 1707 fors
1218 1643 1368 1728 inpediit3

343 1760 420 1802 nam
445 1746 552 1800 tantus
578 1747 708 1822 repente
735 1735 901 1801 effusus
883 1747 931 1800 est
918 1736 1134 1812 timber,t
1097 1747 1134 1800 ut
1154 1759 1214 1801 nec
1235 1738 1368 1803 accendi

310 1847 324 1905 9
343 1830 436 1896 facile
454 1841 615 1915 pateretur
633 1841 664 1896 et
686 1821 884 1916 extingueret
903 1851 1044 1896 accensa.
1088 1831 1196 1914 itaque
1214 1842 1246 1897 et
1263 1841 1368 1896 trans-

341 1924 405 1988 itus
430 1947 488 2009 per
511 1924 661 1988 distracta
687 1924 844 1989 fumantia
871 1923 1010 2009 virgulta
1035 1946 1078 2008 pa
1079 1925 1140 1988 tuit
1162 1935 1194 1989 et
1214 1923 1248 1988 in
1270 1923 1367 1989 unius

341 2016 404 2082 loci
425 2017 618 2103 praesidium
639 2017 785 2083 omnibus
808 2017 909 2082 versis
931 2018 1058 2083 moenia
1075 2039 1202 2103 quoque
1219 2018 1368 2104 pluribus

292 2130 325 2178 10
343 2112 437 2178 simul
453 2112 597 2198 partibus
615 2112 708 2178 scalis
726 2111 905 2197 capiuntur.
932 2112 967 2177 in
984 2113 1086 2198 primo
1101 2114 1239 2177 tumultu
1252 2123 1368 2197 captae

341 2207 429 2271 urbis
461 2207 600 2272 seniores
626 2205 840 2292 inpubesque,
872 2227 952 2288 quos
984 2228 1076 2272 casus
1103 2206 1213 2270 obvios
1240 2205 1368 2283 obtulit,

340 2299 459 2384 passim
478 2299 575 2376 caesi;
595 2298 709 2363 armati
721 2299 755 2363 in
769 2321 875 2364 arcem
888 2298 1100 2385 confugerunt
1114 2311 1146 2364 et
1162 2309 1289 2384 postero
1304 2298 1367 2375 die,

341 2415 415 2456 cum
442 2393 509 2478 spei
535 2389 614 2456 nihil
641 2404 834 2477 superesset,
862 2392 1022 2458 deditione
1050 2394 1136 2457 facta
1162 2393 1222 2457 sub
1248 2413 1367 2459 corona

291 2506 321 2553 ιι
341 2487 516 2552 venierunt.
560 2485 690 2552 fuerunt
707 2498 815 2552 autem
834 2487 898 2552 duo
915 2488 1003 2552 milia
1020 2487 1121 2553 ferme
1139 2498 1170 2553 et
1188 2487 1364 2573 quingenti.

341 2592 526 2646 ornamenta
548 2581 651 2658 urbis,
674 2593 797 2648 statuae
819 2592 852 2647 et
873 2582 1001 2647 tabulae
1018 2581 1137 2666 pictae,
1160 2591 1192 2645 et
1209 2581 1366 2665 quidquid

340 2674 498 2761 pretiosae
519 2677 657 2761 praedae
675 2675 750 2751 fuit,
774 2676 815 2741 ad
832 2698 931 2742 naves
949 2676 1104 2751 delatum;
1127 2675 1204 2739 urbs
1222 2675 1327 2739 diruta
1345 2698 1365 2738 a

291 2786 322 2833 ιι
340 2769 564 2835 fundamentis.
600 2769 674 2836 inde
692 2770 822 2836 Thebas
840 2771 955 2836 ductus
973 2770 1129 2835 exercitus
1135 2795 1143 2847 3
1163 2769 1278 2854 quibus
1296 2769 1366 2834 sine

266 2913 270 2928 .
341 2864 512 2946 certamine
529 2864 664 2949 receptis
681 2864 795 2929 urbem
812 2863 942 2928 tradidit
959 2863 1105 2928 exulibus
1124 2863 1228 2947 etqui
1245 2862 1365 2927 Roma-

340 2978 455 3020 norum
467 2958 566 3041 partis
577 2969 676 3036 erant,
690 2959 842 3023 adversae
857 2957 1003 3022 factionis
1013 2958 1177 3021 hominum
1187 2957 1366 3022 fautorum-

340 3069 402 3131 que
425 3050 509 3135 regis
533 3073 570 3116 ac
587 3050 805 3118 Macedonum
827 3051 964 3117 familias
988 3052 1047 3116 sub
1071 3074 1188 3117 corona
1207 3048 1363 3117 vendidit.

339 3140 388 3206 his
406 3144 504 3227 gestis
521 3145 555 3208 in
571 3145 707 3210 Boeotia
724 3140 766 3210 ad
783 3167 871 3209 mare
889 3168 926 3211 ac
943 3168 1042 3211 naves
1060 3145 1161 3210 rediit.

307 3253 320 3298 1
404 3235 552 3303 LXIIII.
580 3236 666 3304 Cum
689 3239 769 3304 haec
790 3240 825 3302 in
845 3239 981 3305 Boeotia
1002 3250 1201 3326 gererentur,
1223 3238 1362 3304 Perseus

306 3330 381 3393 aad
405 3328 577 3397 Sucurium
604 3333 720 3397 stativa
746 3332 869 3397 dierum
896 3334 1016 3418 aliquot
1040 3333 1161 3398 habuit.
1205 3332 1261 3395 ubi
1288 3354 1363 3395 cum

339 3424 479 3490 audisset
499 3425 614 3510 raptim
631 3426 794 3491 Romanos
819 3428 902 3492 circa
925 3450 964 3492 ex
987 3428 1072 3513 agris
1094 3427 1273 3492 demessum
1295 3424 1364 3489 fru-

339 3529 481 3583 mentum
508 3518 699 3596 convehere,
726 3518 840 3586 deinde
869 3532 942 3586 ante
965 3544 1024 3587 sua
1046 3541 1205 3605 quemque
1226 3518 1364 3583 tentoria

306 3628 320 3675 3
340 3613 443 3697 spicas
460 3613 600 3678 fascibus
619 3614 834 3692 desecantem,
857 3636 921 3699 quo
939 3616 1050 3700 purius
1068 3615 1262 3680 frumentum
1280 3622 1366 3678 tere·

338 3717 394 3784 ret,
412 3706 550 3791 ingentis
564 3728 694 3774 acervos
708 3731 766 3793 per
780 3719 846 3773 tota
859 3720 963 3775 castra
977 3719 1220 3774 stramentorum
1237 3705 1364 3783 secisse,

338 3811 426 3864 ratus
448 3800 595 3866 incendio
617 3813 796 3887 opportuna
813 3824 898 3880 esse,
920 3802 1007 3868 faces
1025 3803 1216 3886 taedamque
1234 3812 1267 3867 et
1284 3800 1364 3865 mal-

338 3892 436 3957 leolos
455 3904 589 3980 stuppae
611 3893 770 3960 inlitos
739 3918 810 4005 prce
826 3919 933 3982 pararr
922 3895 1052 3973 iubet3
1026 3907 1173 3981 tatque
1194 3906 1240 3960 1a
1207 3893 1366 3960 media

305 3993 430 4048 cnoote
452 3988 628 4069 profectus,
654 4001 691 4054 ut
712 3990 815 4075 prima
837 3992 910 4056 luce
932 3989 1102 4075 adgressus
1129 3992 1261 4055 falleret
1307 4010 1364 4052 ne·

339 4074 501 4157 quiquam.
536 4081 656 4164 primae
675 4084 825 4149 stationes
843 4093 1043 4191 oppressaet
1030 4085 1168 4148 tumultu
1186 4106 1224 4148 ac
1242 4095 1363 4147 terrore

339 4186 397 4230 suo
424 4178 544 4236 ceteros
576 4175 808 4252 excitaverunt,
839 4175 1029 4260 signumque
1062 4177 1171 4241 datum
1198 4188 1245 4242 est
1275 4196 1365 4239 arma
