3384 4975
515 501 632 556 amsa
649 500 808 570 xxxxii,
828 499 1101 573 31.32.[a.0.1u]
1277 489 1320 556 53

295 662 416 726 Persea
432 652 558 743 quique
570 658 638 722 eius
657 668 776 721 sectam
793 657 894 720 secuti
911 668 1026 732 essent,
1043 657 1105 720 nisi
1122 660 1241 744 populo
1255 660 1322 725 Ro·
1412 687 1415 691 ⁴

296 777 390 819 mano
409 752 651 826 satisfecissent,
673 751 757 813 bello
774 759 1027 834 persequeretur.
1071 751 1212 835 legiones
1228 764 1321 837 quat·
1335 766 1355 821 '2

297 860 371 912 tuor
386 867 487 910 novas
510 844 607 908 scribi
629 843 762 926 placuit,
790 842 880 905 binas
903 842 1036 926 singulis
1053 846 1244 910 consulibus.
1287 847 1321 911 id
1345 861 1351 867 “

295 939 468 1024 praecipue
484 936 667 1020 provinciae
676 935 886 999 Macedoniae
903 935 1025 1011 datum,
1042 938 1138 1018 quod,
1157 960 1231 1003 cum
1244 940 1323 1004 alte·

296 1033 364 1094 rius
387 1029 525 1093 consulis
546 1027 726 1112 legionibus
743 1028 842 1110 quina
859 1028 946 1091 milia
962 1039 995 1092 et
1012 1028 1126 1093 duceni
1142 1032 1264 1116 pedites
1281 1055 1322 1098 ex

300 1132 409 1186 vetere
425 1121 567 1184 instituto
592 1122 742 1185 darentur
762 1121 797 1184 in
814 1120 956 1204 singulas
978 1118 1134 1205 legiones,
1160 1123 1194 1185 in
1211 1124 1322 1189 Mace·

299 1214 426 1278 doniam
450 1236 526 1278 sena
548 1213 635 1277 milia
655 1213 799 1298 peditum
817 1214 914 1278 scribi
935 1214 1037 1289 iussa,
1060 1215 1183 1297 equites
1205 1219 1323 1282 treceni

298 1308 472 1392 aequaliter
487 1308 521 1371 in
534 1308 676 1392 singulas
693 1308 845 1392 legiones.
872 1318 904 1373 et
920 1309 953 1373 in
971 1309 1080 1373 sociali
1093 1310 1234 1374 exercitu
1250 1332 1324 1375 con·
1342 1332 1356 1378 3

297 1403 358 1467 suli
381 1401 472 1467 alteri
492 1412 606 1465 auctus
627 1422 792 1465 numerust
815 1404 833 1482 t
855 1401 1155 1466 decoc.ccn111.nm
1170 1403 1323 1489 peditum,

300 1495 499 1580 octingentos
517 1493 655 1576 equites,
673 1504 799 1578 praeter
816 1516 872 1559 eos
890 1516 969 1578 quos
984 1491 1045 1583 Cn.
1057 1494 1196 1562 Sicinius
1215 1497 1324 1561 duxis-

299 1600 347 1653 set
374 1599 536 1653 sescentos
559 1587 697 1670 equites,
718 1587 753 1651 in
769 1587 995 1653 Macedoniam
1012 1590 1167 1654 traiceret.
1211 1590 1323 1655 Italiae
1341 1613 1357 1657 4

298 1683 373 1747 satis
399 1682 469 1747 visa
494 1681 664 1746 duodecim
693 1681 782 1746 milia
811 1682 970 1747 sociorum
995 1684 1154 1768 peditum,
1187 1685 1323 1765 sescenti

297 1777 428 1858 equites.
473 1774 553 1839 illud
571 1796 700 1858 quoque
720 1776 930 1860 praecipuum
948 1776 1057 1842 datum
1075 1777 1153 1840 sorti
1168 1776 1322 1842 Macedo-

297 1872 383 1946 niae,
414 1879 451 1934 ut
482 1869 682 1934 centuriones
708 1869 888 1953 militesque
914 1881 1038 1935 veteres
1065 1870 1216 1935 scriberet
1242 1892 1322 1953 qnos

296 1964 392 2033 vellet
409 1962 520 2027 consul
541 1962 704 2044 usquead
728 1963 961 2047 quinquaginta
978 1984 1087 2028 annos.
1130 1963 1165 2027 in
1187 1963 1322 2027 tribunis
1341 1984 1355 2029 5

299 2056 435 2118 militum
453 2065 605 2118 novatum
624 2077 662 2120 eo
680 2077 763 2118 anno
784 2067 914 2140 propter
929 2056 1175 2121 Macedonicum
1192 2057 1322 2133 bellum,

300 2148 386 2231 quod
405 2147 551 2211 consules
569 2169 609 2211 ex
631 2159 759 2212 senatus
777 2150 921 2212 consulto
939 2149 980 2212 ad
1000 2150 1156 2233 populum
1173 2151 1323 2226 tulerunt,

298 2264 339 2305 ne
356 2240 476 2304 tribuni
492 2240 628 2304 militum
646 2261 685 2305 eo
699 2261 782 2303 anno
798 2239 947 2326 suffragis
965 2252 1156 2317 crearentur,
1175 2242 1232 2306 sed
1249 2264 1324 2308 con·
1409 2282 1414 2303 ι

299 2335 402 2399 sulum
416 2344 661 2419 praetorumque
674 2334 708 2399 in
720 2338 747 2399 is
761 2333 915 2399 faciendis
928 2335 1080 2399 iudicium
1094 2335 1321 2418 arbitriumque

299 2441 390 2493 esset
441 2428 524 2494 inter
549 2440 711 2514 praetores
735 2429 781 2495 ita
811 2429 928 2514 partita
953 2429 1101 2517 imperia:
1132 2441 1356 2516 praetorem,‘6

300 2522 389 2585 cuius
408 2540 476 2586 sors
493 2522 621 2599 fuisset,
648 2536 684 2587 ut
701 2524 761 2588 iret
779 2545 842 2606 quo
862 2534 989 2589 senatus
1008 2524 1196 2601 censuisset,
1217 2524 1324 2588 Brun-

300 2615 417 2678 disium
444 2615 487 2679 ad
517 2616 651 2679 classem
680 2616 735 2680 ire
752 2617 874 2701 placuit
899 2628 995 2700 atque
1025 2617 1071 2680 ibi
1096 2635 1356 2702 recognosceret

301 2710 402 2773 socios
427 2708 557 2773 navales
583 2708 785 2791 dimissisque
812 2710 838 2772 si
864 2710 921 2792 qui
947 2731 1059 2793 parum
1085 2709 1193 2773 idonei
1219 2720 1324 2773 esseut

300 2804 557 2889 supplementum
581 2803 689 2887 legere
715 2826 755 2866 ex
780 2802 934 2868 libertinis
960 2813 993 2867 et
1019 2803 1095 2867 dare
1117 2824 1262 2889 operam,
1288 2813 1325 2867 ut

302 2898 384 2963 duae
406 2907 513 2983 partes
535 2897 654 2961 civium
676 2897 909 2975 Romanorum,
936 2898 1029 2962 tertia
1050 2898 1209 2964 sociorum
1231 2908 1323 2963 essct.

300 3002 495 3055 commeatus
514 2991 608 3056 classi
625 2991 870 3076 legionibusque
888 3002 924 3056 ut
941 3015 982 3057 ex
991 2989 1101 3058 Sicilia
1111 2991 1322 3075 Sardiniaque
1341 3008 1356 3057 8

302 3085 563 3161 subveherentur,
591 3086 803 3171 praetoribus,
832 3083 919 3171 [qui]
942 3108 996 3151 eas
1021 3087 1200 3172 provincias
1222 3086 1324 3151 sortiti

302 3190 419 3255 essent,
441 3180 586 3243 mandari
603 3180 736 3264 placuit,
758 3192 796 3243 ut
812 3181 927 3245 alteras
946 3181 1095 3245 decumas
1114 3180 1229 3246 Siculis
1248 3179 1324 3245 San

302 3273 414 3355 disque
430 3272 632 3358 imperarent,
651 3275 738 3357 quod
755 3274 951 3339 frumentum
965 3274 1007 3338 ad
1021 3276 1194 3339 exereitum
1206 3275 1240 3338 in
1248 3275 1324 3337 Ma-

302 3367 466 3431 cedoniam
487 3378 675 3451 portaretur.
720 3366 863 3433 Siciliam
884 3365 922 3432 O.
942 3364 1098 3432 Caninius
1120 3367 1253 3432 Rebilus
1276 3379 1324 3431 est
1342 3385 1355 3431 9

302 3461 440 3533 sortitus,
457 3458 499 3522 L.
516 3460 635 3523 Furius
651 3460 765 3524 Philus
784 3460 977 3537 Sardiniam,
997 3459 1053 3545 [L.
1073 3458 1246 3524 Canuleius
1263 3461 1324 3521 Hi·

304 3550 478 3634 spaniam,]
506 3550 545 3615 C.
570 3552 729 3634 Sulpicius
752 3552 859 3616 Galba
885 3554 1040 3615 urbanam
1065 3552 1324 3628 iurisdictionem,

304 3643 346 3705 L.
364 3641 480 3707 Villius
502 3644 640 3706 Annalis
661 3643 743 3707 inter
764 3645 948 3728 peregrinos
954 3668 963 3720 3
986 3641 1026 3707 C.
1044 3643 1196 3708 Lucretio
1219 3641 1324 3721 Gallo,

305 3756 369 3819 quo
387 3745 515 3799 senatus
533 3736 717 3811 censuisset,
735 3758 802 3801 sors
820 3736 959 3799 obvenit.

367 3830 524 3895 XXXII.
551 3828 640 3894 Inter
650 3830 795 3895 consules
810 3831 913 3915 magis
928 3829 1085 3894 cavillatio
1099 3848 1195 3915 quarn
1209 3845 1325 3917 magna
1344 3853 1356 3898 1

302 3925 464 4004 contentio
482 3925 522 3990 de
540 3924 704 4010 provincia
720 3925 790 3989 fuit.
826 3921 958 3988 Cassius
975 3924 1042 3990 sine
1061 3936 1145 3989 sorte
1163 3948 1196 3990 se
1213 3926 1325 3991 Mace-

306 4019 432 4084 doniam
446 4018 642 4103 ‘optaturum
673 4018 815 4094 dicebat,
845 4040 905 4083 nec
936 4040 1030 4103 posse
1056 4021 1212 4105 collegam
1237 4022 1325 4085 salvo

305 4114 373 4178 iure
394 4114 528 4178 iurando
551 4135 659 4177 secum
682 4114 800 4178 sortiri:
822 4124 1000 4198 praetorem
1018 4136 1091 4178 eum
1105 4116 1207 4190 enim,
1230 4138 1270 4179 ne
1290 4116 1357 4183 ina

305 4208 498 4291 provinciam
512 4207 581 4283 iret,
596 4207 630 4270 in
644 4208 788 4273 contione
801 4207 933 4284 iurasse,
947 4231 981 4272 se
995 4219 1076 4273 stato
1089 4209 1159 4274 loco
1173 4210 1325 4291 statisque
