<?xml version="1.0" encoding="UTF-8"?>
<!DOCTYPE html PUBLIC "-//W3C//DTD XHTML 1.0 Transitional//EN"
    "http://www.w3.org/TR/xhtml1/DTD/xhtml1-transitional.dtd">
<html xmlns="http://www.w3.org/1999/xhtml" xml:lang="en" lang="en">
 <head>
  <title>
</title>
<meta http-equiv="Content-Type" content="text/html;charset=utf-8" />
  <meta name='ocr-system' content='tesseract 3.04.00' />
  <meta name='ocr-capabilities' content='ocr_page ocr_carea ocr_par ocr_line ocrx_word'/>
</head>
<body>
  <div class='ocr_page' id='page_1' title='image "./titiliviaburbec04livygoog_0188.png"; bbox 0 0 3384 4975; ppageno 0'>
   <div class='ocr_carea' id='block_1_1' title="bbox 386 526 1211 620">
    <p class='ocr_par' dir='ltr' id='par_1_1' title="bbox 386 526 1211 620">
     <span class='ocr_line' id='line_1_1' title="bbox 386 526 1211 620; baseline -0.005 -28"><span class='ocrx_word' id='word_1_1' title='bbox 386 526 451 620; x_wconf 79' lang='lat'>166</span> <span class='ocrx_word' id='word_1_2' title='bbox 567 534 705 602; x_wconf 72' lang='lat' dir='ltr'>‘maun</span> <span class='ocrx_word' id='word_1_3' title='bbox 722 534 878 612; x_wconf 73' lang='lat' dir='ltr'><strong>xxxxv,</strong></span> <span class='ocrx_word' id='word_1_4' title='bbox 898 535 1009 589; x_wconf 75' lang='lat'>17-19.</span> <span class='ocrx_word' id='word_1_5' title='bbox 1029 535 1211 602; x_wconf 53' lang='lat' dir='ltr'>[ausser]</span> 
     </span>
    </p>
   </div>
   <div class='ocr_carea' id='block_1_2' title="bbox 301 690 1423 4366">
    <p class='ocr_par' dir='ltr' id='par_1_2' title="bbox 351 690 1417 969">
     <span class='ocr_line' id='line_1_2' title="bbox 351 690 1417 770; baseline -0.005 -7"><span class='ocrx_word' id='word_1_6' title='bbox 351 696 586 770; x_wconf 85' lang='lat' dir='ltr'>asortirentur,</span> <span class='ocrx_word' id='word_1_7' title='bbox 618 694 720 759; x_wconf 88' lang='lat' dir='ltr'>sortiti</span> <span class='ocrx_word' id='word_1_8' title='bbox 750 703 835 757; x_wconf 89' lang='lat' dir='ltr'>sunt.</span> <span class='ocrx_word' id='word_1_9' title='bbox 887 691 937 756; x_wconf 90' lang='grc' dir='ltr'>Μ.</span> <span class='ocrx_word' id='word_1_10' title='bbox 963 691 1057 756; x_wconf 92' lang='lat' dir='ltr'>Iunio</span> <span class='ocrx_word' id='word_1_11' title='bbox 1083 690 1179 756; x_wconf 83' lang='lat' dir='ltr'>Pisae</span> <span class='ocrx_word' id='word_1_12' title='bbox 1207 692 1417 770; x_wconf 86' lang='lat' dir='ltr'>obvenerunt,</span> 
     </span>
     <span class='ocr_line' id='line_1_3' title="bbox 385 787 1417 876; baseline 0.001 -21"><span class='ocrx_word' id='word_1_13' title='bbox 385 814 481 876; x_wconf 91' lang='lat' dir='ltr'>quem</span> <span class='ocrx_word' id='word_1_14' title='bbox 507 791 693 876; x_wconf 82' lang='lat' dir='ltr'>priusquam</span> <span class='ocrx_word' id='word_1_15' title='bbox 722 789 758 853; x_wconf 89' lang='lat' dir='ltr'>in</span> <span class='ocrx_word' id='word_1_16' title='bbox 784 788 982 874; x_wconf 88' lang='lat' dir='ltr'>provinciam</span> <span class='ocrx_word' id='word_1_17' title='bbox 1013 787 1087 864; x_wconf 89' lang='lat' dir='ltr'>iret,</span> <span class='ocrx_word' id='word_1_18' title='bbox 1113 788 1305 873; x_wconf 80' lang='lat' dir='ltr'>legationes,</span> <span class='ocrx_word' id='word_1_19' title='bbox 1332 812 1417 874; x_wconf 88' lang='lat' dir='ltr'>quae</span> 
     </span>
     <span class='ocr_line' id='line_1_4' title="bbox 385 883 1417 969; baseline 0.002 -21"><span class='ocrx_word' id='word_1_20' title='bbox 385 885 527 967; x_wconf 89' lang='lat' dir='ltr'>undique</span> <span class='ocrx_word' id='word_1_21' title='bbox 545 885 683 948; x_wconf 84' lang='lat' dir='ltr'><strong>Romam</strong></span> <span class='ocrx_word' id='word_1_22' title='bbox 700 883 897 969; x_wconf 82' lang='lat' dir='ltr'>gratulatum</span> <span class='ocrx_word' id='word_1_23' title='bbox 915 893 1145 960; x_wconf 88' lang='lat' dir='ltr'>convenerant,</span> <span class='ocrx_word' id='word_1_24' title='bbox 1163 883 1365 950; x_wconf 82' lang='lat' dir='ltr'>introducere</span> <span class='ocrx_word' id='word_1_25' title='bbox 1383 886 1417 950; x_wconf 91' lang='lat' dir='ltr'>in</span> 
     </span>
    </p>

    <p class='ocr_par' dir='ltr' id='par_1_3' title="bbox 353 974 1417 1534">
     <span class='ocr_line' id='line_1_5' title="bbox 353 974 1416 1064; baseline -0.002 -18"><span class='ocrx_word' id='word_1_26' title='bbox 353 1001 367 1048; x_wconf 74' lang='lat' dir='ltr'>a</span> <span class='ocrx_word' id='word_1_27' title='bbox 386 990 532 1044; x_wconf 89' lang='lat' dir='ltr'>senatum</span> <span class='ocrx_word' id='word_1_28' title='bbox 549 979 679 1064; x_wconf 82' lang='lat' dir='ltr'>placuit,</span> <span class='ocrx_word' id='word_1_29' title='bbox 698 975 740 1058; x_wconf 82' lang='lat' dir='ltr'>Q</span> <span class='ocrx_word' id='word_1_30' title='bbox 759 977 855 1041; x_wconf 91' lang='lat' dir='ltr'>Aelio</span> <span class='ocrx_word' id='word_1_31' title='bbox 875 974 1025 1062; x_wconf 67' lang='lat' dir='ltr'>[Gallia]</span> <span class='ocrx_word' id='word_1_32' title='bbox 1062 987 1202 1041; x_wconf 90' lang='lat' dir='ltr'>ceterum</span> <span class='ocrx_word' id='word_1_33' title='bbox 1219 997 1416 1062; x_wconf 90' lang='lat' dir='ltr'>quamquam</span> 
     </span>
     <span class='ocr_line' id='line_1_6' title="bbox 385 1070 1417 1157; baseline 0 -20"><span class='ocrx_word' id='word_1_34' title='bbox 385 1073 465 1137; x_wconf 87' lang='lat' dir='ltr'>tales</span> <span class='ocrx_word' id='word_1_35' title='bbox 483 1071 543 1135; x_wconf 89' lang='lat' dir='ltr'>viri</span> <span class='ocrx_word' id='word_1_36' title='bbox 560 1072 775 1148; x_wconf 87' lang='lat' dir='ltr'>mitterentur,</span> <span class='ocrx_word' id='word_1_37' title='bbox 802 1092 939 1154; x_wconf 92' lang='lat' dir='ltr'>quorum</span> <span class='ocrx_word' id='word_1_38' title='bbox 962 1070 1001 1134; x_wconf 90' lang='lat' dir='ltr'>de</span> <span class='ocrx_word' id='word_1_39' title='bbox 1020 1071 1151 1135; x_wconf 89' lang='lat' dir='ltr'>consilio</span> <span class='ocrx_word' id='word_1_40' title='bbox 1170 1072 1291 1157; x_wconf 89' lang='lat' dir='ltr'>sperari</span> <span class='ocrx_word' id='word_1_41' title='bbox 1308 1086 1417 1157; x_wconf 85' lang='lat' dir='ltr'>posset</span> 
     </span>
     <span class='ocr_line' id='line_1_7' title="bbox 384 1165 1417 1252; baseline 0.002 -21"><span class='ocrx_word' id='word_1_42' title='bbox 384 1169 592 1252; x_wconf 89' lang='lat' dir='ltr'>imperatores</span> <span class='ocrx_word' id='word_1_43' title='bbox 614 1166 693 1230; x_wconf 91' lang='lat' dir='ltr'>nihil</span> <span class='ocrx_word' id='word_1_44' title='bbox 715 1166 885 1250; x_wconf 88' lang='lat' dir='ltr'>indignum</span> <span class='ocrx_word' id='word_1_45' title='bbox 906 1186 966 1229; x_wconf 90' lang='lat' dir='ltr'>nec</span> <span class='ocrx_word' id='word_1_46' title='bbox 985 1165 1152 1229; x_wconf 91' lang='lat' dir='ltr'>clementia</span> <span class='ocrx_word' id='word_1_47' title='bbox 1173 1187 1233 1230; x_wconf 89' lang='lat' dir='ltr'>nec</span> <span class='ocrx_word' id='word_1_48' title='bbox 1256 1167 1417 1250; x_wconf 85' lang='lat' dir='ltr'>gravitate</span> 
     </span>
     <span class='ocr_line' id='line_1_8' title="bbox 384 1259 1415 1347; baseline 0.001 -22"><span class='ocrx_word' id='word_1_49' title='bbox 384 1261 496 1347; x_wconf 90' lang='lat' dir='ltr'>populi</span> <span class='ocrx_word' id='word_1_50' title='bbox 514 1260 653 1326; x_wconf 88' lang='lat' dir='ltr'>Romani</span> <span class='ocrx_word' id='word_1_51' title='bbox 670 1261 853 1324; x_wconf 84' lang='lat' dir='ltr'>decreturos</span> <span class='ocrx_word' id='word_1_52' title='bbox 872 1281 956 1334; x_wconf 91' lang='lat' dir='ltr'>esse,</span> <span class='ocrx_word' id='word_1_53' title='bbox 979 1269 1085 1323; x_wconf 91' lang='lat' dir='ltr'>tamen</span> <span class='ocrx_word' id='word_1_54' title='bbox 1103 1259 1137 1322; x_wconf 90' lang='lat' dir='ltr'>in</span> <span class='ocrx_word' id='word_1_55' title='bbox 1156 1270 1268 1324; x_wconf 88' lang='lat' dir='ltr'>senatu</span> <span class='ocrx_word' id='word_1_56' title='bbox 1287 1283 1415 1344; x_wconf 90' lang='lat' dir='ltr'>quoque</span> 
     </span>
     <span class='ocr_line' id='line_1_9' title="bbox 385 1352 1416 1440; baseline 0.002 -22"><span class='ocrx_word' id='word_1_57' title='bbox 385 1356 525 1440; x_wconf 83' lang='lat' dir='ltr'>agitatae</span> <span class='ocrx_word' id='word_1_58' title='bbox 554 1363 628 1418; x_wconf 91' lang='lat' dir='ltr'>sunt</span> <span class='ocrx_word' id='word_1_59' title='bbox 656 1376 800 1418; x_wconf 86' lang='lat' dir='ltr'>summae</span> <span class='ocrx_word' id='word_1_60' title='bbox 827 1352 1045 1430; x_wconf 88' lang='lat' dir='ltr'>consiliorum,</span> <span class='ocrx_word' id='word_1_61' title='bbox 1073 1365 1108 1417; x_wconf 92' lang='lat' dir='ltr'>ut</span> <span class='ocrx_word' id='word_1_62' title='bbox 1136 1353 1285 1418; x_wconf 91' lang='lat' dir='ltr'>inchoata</span> <span class='ocrx_word' id='word_1_63' title='bbox 1308 1356 1416 1420; x_wconf 85' lang='lat' dir='ltr'>omnia</span> 
     </span>
     <span class='ocr_line' id='line_1_10' title="bbox 384 1447 1195 1534; baseline -0.004 -21"><span class='ocrx_word' id='word_1_64' title='bbox 384 1449 483 1534; x_wconf 89' lang='lat' dir='ltr'>legati</span> <span class='ocrx_word' id='word_1_65' title='bbox 500 1449 542 1512; x_wconf 86' lang='lat' dir='ltr'>ab</span> <span class='ocrx_word' id='word_1_66' title='bbox 561 1449 656 1512; x_wconf 92' lang='lat' dir='ltr'>domo</span> <span class='ocrx_word' id='word_1_67' title='bbox 674 1448 757 1512; x_wconf 88' lang='lat' dir='ltr'>ferre</span> <span class='ocrx_word' id='word_1_68' title='bbox 775 1447 816 1512; x_wconf 91' lang='lat' dir='ltr'>ad</span> <span class='ocrx_word' id='word_1_69' title='bbox 833 1448 1039 1532; x_wconf 89' lang='lat' dir='ltr'>imperatores</span> <span class='ocrx_word' id='word_1_70' title='bbox 1056 1458 1195 1532; x_wconf 83' lang='lat' dir='ltr'>possent.</span> 
     </span>
    </p>

    <p class='ocr_par' dir='ltr' id='par_1_4' title="bbox 353 1540 1415 1816">
     <span class='ocr_line' id='line_1_11' title="bbox 353 1540 1415 1628; baseline -0.001 -19"><span class='ocrx_word' id='word_1_71' title='bbox 353 1563 366 1609; x_wconf 90' lang='lat'>1</span> <span class='ocrx_word' id='word_1_72' title='bbox 449 1543 582 1608; x_wconf 87' lang='lat' dir='ltr'><strong>XVIII.</strong></span> <span class='ocrx_word' id='word_1_73' title='bbox 611 1540 767 1607; x_wconf 89' lang='lat' dir='ltr'>Omnium</span> <span class='ocrx_word' id='word_1_74' title='bbox 788 1542 927 1628; x_wconf 89' lang='lat' dir='ltr'>primurn</span> <span class='ocrx_word' id='word_1_75' title='bbox 949 1543 1065 1606; x_wconf 91' lang='lat' dir='ltr'>liberos</span> <span class='ocrx_word' id='word_1_76' title='bbox 1084 1565 1153 1607; x_wconf 89' lang='lat' dir='ltr'>esse</span> <span class='ocrx_word' id='word_1_77' title='bbox 1175 1542 1324 1627; x_wconf 85' lang='lat' dir='ltr'>placebat</span> <span class='ocrx_word' id='word_1_78' title='bbox 1341 1542 1415 1608; x_wconf 88' lang='lat' dir='ltr'>Ma-</span> 
     </span>
     <span class='ocr_line' id='line_1_12' title="bbox 386 1636 1415 1722; baseline -0.001 -21"><span class='ocrx_word' id='word_1_79' title='bbox 386 1636 523 1701; x_wconf 87' lang='lat' dir='ltr'>cedonas</span> <span class='ocrx_word' id='word_1_80' title='bbox 547 1648 643 1720; x_wconf 87' lang='lat' dir='ltr'>atque</span> <span class='ocrx_word' id='word_1_81' title='bbox 666 1637 809 1721; x_wconf 88' lang='lat' dir='ltr'>Illyrios,</span> <span class='ocrx_word' id='word_1_82' title='bbox 836 1649 874 1700; x_wconf 91' lang='lat' dir='ltr'>ut</span> <span class='ocrx_word' id='word_1_83' title='bbox 896 1636 1043 1700; x_wconf 86' lang='lat' dir='ltr'>omnibus</span> <span class='ocrx_word' id='word_1_84' title='bbox 1065 1636 1214 1722; x_wconf 89' lang='lat' dir='ltr'>gentibus</span> <span class='ocrx_word' id='word_1_85' title='bbox 1238 1648 1415 1722; x_wconf 86' lang='lat' dir='ltr'>appareret,</span> 
     </span>
     <span class='ocr_line' id='line_1_13' title="bbox 386 1731 1414 1816; baseline 0 -22"><span class='ocrx_word' id='word_1_86' title='bbox 386 1755 474 1794; x_wconf 88' lang='lat' dir='ltr'>arma</span> <span class='ocrx_word' id='word_1_87' title='bbox 495 1732 606 1816; x_wconf 91' lang='lat' dir='ltr'>populi</span> <span class='ocrx_word' id='word_1_88' title='bbox 630 1732 768 1796; x_wconf 86' lang='lat' dir='ltr'>Romani</span> <span class='ocrx_word' id='word_1_89' title='bbox 788 1753 853 1795; x_wconf 91' lang='lat' dir='ltr'>non</span> <span class='ocrx_word' id='word_1_90' title='bbox 875 1731 984 1796; x_wconf 90' lang='lat' dir='ltr'>liberis</span> <span class='ocrx_word' id='word_1_91' title='bbox 1003 1731 1202 1806; x_wconf 79' lang='lat' dir='ltr'>servitutem,</span> <span class='ocrx_word' id='word_1_92' title='bbox 1230 1731 1287 1795; x_wconf 91' lang='lat' dir='ltr'>sed</span> <span class='ocrx_word' id='word_1_93' title='bbox 1305 1743 1414 1795; x_wconf 90' lang='lat' dir='ltr'>contra</span> 
     </span>
    </p>

    <p class='ocr_par' dir='ltr' id='par_1_5' title="bbox 352 1818 1416 2380">
     <span class='ocr_line' id='line_1_14' title="bbox 352 1818 1413 1910; baseline -0.002 -19"><span class='ocrx_word' id='word_1_94' title='bbox 352 1845 368 1891; x_wconf 82' lang='lat'>2</span> <span class='ocrx_word' id='word_1_95' title='bbox 387 1818 597 1890; x_wconf 88' lang='lat' dir='ltr'>servientibus</span> <span class='ocrx_word' id='word_1_96' title='bbox 619 1824 799 1890; x_wconf 87' lang='lat' dir='ltr'>libertatem</span> <span class='ocrx_word' id='word_1_97' title='bbox 818 1824 958 1903; x_wconf 87' lang='lat' dir='ltr'>adferre,</span> <span class='ocrx_word' id='word_1_98' title='bbox 980 1836 1016 1889; x_wconf 91' lang='lat' dir='ltr'>ut</span> <span class='ocrx_word' id='word_1_99' title='bbox 1034 1825 1116 1889; x_wconf 88' lang='lat' dir='ltr'>etin</span> <span class='ocrx_word' id='word_1_100' title='bbox 1137 1826 1284 1889; x_wconf 90' lang='lat' dir='ltr'>libertate</span> <span class='ocrx_word' id='word_1_101' title='bbox 1303 1836 1413 1910; x_wconf 90' lang='lat' dir='ltr'>gentes</span> 
     </span>
     <span class='ocr_line' id='line_1_15' title="bbox 386 1919 1416 2005; baseline -0.002 -20"><span class='ocrx_word' id='word_1_102' title='bbox 386 1942 468 2003; x_wconf 90' lang='lat' dir='ltr'>quae</span> <span class='ocrx_word' id='word_1_103' title='bbox 487 1931 593 1984; x_wconf 90' lang='lat' dir='ltr'>essent</span> <span class='ocrx_word' id='word_1_104' title='bbox 610 1929 713 1983; x_wconf 89' lang='lat' dir='ltr'>tutam</span> <span class='ocrx_word' id='word_1_105' title='bbox 731 1943 801 1984; x_wconf 92' lang='lat' dir='ltr'>eam</span> <span class='ocrx_word' id='word_1_106' title='bbox 820 1919 881 1983; x_wconf 90' lang='lat' dir='ltr'>sibi</span> <span class='ocrx_word' id='word_1_107' title='bbox 902 1931 1119 2005; x_wconf 89' lang='lat' dir='ltr'>perpetuaque</span> <span class='ocrx_word' id='word_1_108' title='bbox 1139 1919 1198 1983; x_wconf 92' lang='lat' dir='ltr'>sub</span> <span class='ocrx_word' id='word_1_109' title='bbox 1218 1920 1318 1983; x_wconf 86' lang='lat' dir='ltr'>tutela</span> <span class='ocrx_word' id='word_1_110' title='bbox 1336 1942 1416 1995; x_wconf 89' lang='lat' dir='ltr'>esse,</span> 
     </span>
     <span class='ocr_line' id='line_1_16' title="bbox 386 2014 1416 2099; baseline 0.001 -23"><span class='ocrx_word' id='word_1_111' title='bbox 386 2025 418 2076; x_wconf 90' lang='lat' dir='ltr'>et</span> <span class='ocrx_word' id='word_1_112' title='bbox 436 2036 518 2096; x_wconf 87' lang='lat' dir='ltr'>quae</span> <span class='ocrx_word' id='word_1_113' title='bbox 542 2014 601 2077; x_wconf 88' lang='lat' dir='ltr'>sub</span> <span class='ocrx_word' id='word_1_114' title='bbox 624 2014 754 2098; x_wconf 91' lang='lat' dir='ltr'>regibus</span> <span class='ocrx_word' id='word_1_115' title='bbox 773 2015 916 2079; x_wconf 88' lang='lat' dir='ltr'>viverent</span> <span class='ocrx_word' id='word_1_116' title='bbox 934 2027 964 2079; x_wconf 92' lang='lat' dir='ltr'>et</span> <span class='ocrx_word' id='word_1_117' title='bbox 986 2015 1020 2078; x_wconf 92' lang='lat' dir='ltr'>in</span> <span class='ocrx_word' id='word_1_118' title='bbox 1042 2036 1192 2098; x_wconf 86' lang='lat' dir='ltr'>praesens</span> <span class='ocrx_word' id='word_1_119' title='bbox 1211 2025 1338 2099; x_wconf 90' lang='lat' dir='ltr'>tempus</span> <span class='ocrx_word' id='word_1_120' title='bbox 1356 2016 1416 2077; x_wconf 92' lang='lat' dir='ltr'>mi-</span> 
     </span>
     <span class='ocr_line' id='line_1_17' title="bbox 386 2107 1415 2193; baseline 0.002 -23"><span class='ocrx_word' id='word_1_121' title='bbox 386 2107 482 2171; x_wconf 89' lang='lat' dir='ltr'>tiores</span> <span class='ocrx_word' id='word_1_122' title='bbox 501 2129 555 2172; x_wconf 93' lang='lat' dir='ltr'>eos</span> <span class='ocrx_word' id='word_1_123' title='bbox 573 2108 783 2193; x_wconf 90' lang='lat' dir='ltr'>iustioresque</span> <span class='ocrx_word' id='word_1_124' title='bbox 801 2119 947 2192; x_wconf 87' lang='lat' dir='ltr'>respectu</span> <span class='ocrx_word' id='word_1_125' title='bbox 967 2109 1077 2193; x_wconf 89' lang='lat' dir='ltr'>populi</span> <span class='ocrx_word' id='word_1_126' title='bbox 1090 2108 1228 2173; x_wconf 86' lang='lat' dir='ltr'>Romani</span> <span class='ocrx_word' id='word_1_127' title='bbox 1245 2109 1364 2174; x_wconf 89' lang='lat' dir='ltr'>habere</span> <span class='ocrx_word' id='word_1_128' title='bbox 1382 2131 1415 2172; x_wconf 91' lang='lat' dir='ltr'>se</span> 
     </span>
     <span class='ocr_line' id='line_1_18' title="bbox 386 2203 1416 2287; baseline 0.002 -23"><span class='ocrx_word' id='word_1_129' title='bbox 386 2203 552 2266; x_wconf 87' lang='lat' dir='ltr'>crederent</span> <span class='ocrx_word' id='word_1_130' title='bbox 570 2212 616 2279; x_wconf 90' lang='lat' dir='ltr'>et,</span> <span class='ocrx_word' id='word_1_131' title='bbox 639 2203 812 2286; x_wconf 90' lang='lat' dir='ltr'>siquando</span> <span class='ocrx_word' id='word_1_132' title='bbox 832 2203 952 2282; x_wconf 78' lang='lat' dir='ltr'>bellum</span> <span class='ocrx_word' id='word_1_133' title='bbox 970 2225 1043 2266; x_wconf 87' lang='lat' dir='ltr'>omn</span> <span class='ocrx_word' id='word_1_134' title='bbox 1064 2204 1183 2287; x_wconf 88' lang='lat' dir='ltr'>populo</span> <span class='ocrx_word' id='word_1_135' title='bbox 1202 2203 1347 2267; x_wconf 85' lang='lat' dir='ltr'>Romano</span> <span class='ocrx_word' id='word_1_136' title='bbox 1365 2226 1416 2266; x_wconf 90' lang='lat' dir='ltr'>re-</span> 
     </span>
     <span class='ocr_line' id='line_1_19' title="bbox 386 2297 1414 2380; baseline 0 -21"><span class='ocrx_word' id='word_1_137' title='bbox 386 2297 481 2380; x_wconf 90' lang='lat' dir='ltr'>gibus</span> <span class='ocrx_word' id='word_1_138' title='bbox 503 2297 623 2360; x_wconf 89' lang='lat' dir='ltr'>fuisset</span> <span class='ocrx_word' id='word_1_139' title='bbox 635 2298 715 2373; x_wconf 91' lang='lat' dir='ltr'>suis,</span> <span class='ocrx_word' id='word_1_140' title='bbox 739 2298 860 2362; x_wconf 89' lang='lat' dir='ltr'>exitum</span> <span class='ocrx_word' id='word_1_141' title='bbox 879 2297 945 2361; x_wconf 89' lang='lat' dir='ltr'>eius</span> <span class='ocrx_word' id='word_1_142' title='bbox 969 2297 1133 2361; x_wconf 89' lang='lat' dir='ltr'>victoriam</span> <span class='ocrx_word' id='word_1_143' title='bbox 1151 2297 1302 2361; x_wconf 87' lang='lat' dir='ltr'>Romanis</span> <span class='ocrx_word' id='word_1_144' title='bbox 1325 2297 1414 2360; x_wconf 90' lang='lat' dir='ltr'>adla-</span> 
     </span>
    </p>

    <p class='ocr_par' dir='ltr' id='par_1_6' title="bbox 351 2390 1416 2571">
     <span class='ocr_line' id='line_1_20' title="bbox 351 2390 1415 2474; baseline -0.002 -20"><span class='ocrx_word' id='word_1_145' title='bbox 351 2409 368 2454; x_wconf 83' lang='lat'><strong>3</strong></span> <span class='ocrx_word' id='word_1_146' title='bbox 387 2402 508 2465; x_wconf 91' lang='lat' dir='ltr'>turum,</span> <span class='ocrx_word' id='word_1_147' title='bbox 528 2390 589 2452; x_wconf 88' lang='lat' dir='ltr'>sibi</span> <span class='ocrx_word' id='word_1_148' title='bbox 606 2391 796 2454; x_wconf 89' lang='lat' dir='ltr'>libertatem.</span> <span class='ocrx_word' id='word_1_149' title='bbox 823 2392 943 2454; x_wconf 89' lang='lat' dir='ltr'>metalli</span> <span class='ocrx_word' id='word_1_150' title='bbox 963 2413 1090 2474; x_wconf 91' lang='lat' dir='ltr'>quoque</span> <span class='ocrx_word' id='word_1_151' title='bbox 1108 2391 1310 2456; x_wconf 85' lang='lat' dir='ltr'>Macedonici</span> <span class='ocrx_word' id='word_1_152' title='bbox 1327 2391 1415 2472; x_wconf 87' lang='lat' dir='ltr'>quod</span> 
     </span>
     <span class='ocr_line' id='line_1_21' title="bbox 386 2483 1416 2571; baseline 0.002 -24"><span class='ocrx_word' id='word_1_153' title='bbox 386 2485 499 2568; x_wconf 86' lang='lat' dir='ltr'>ingens</span> <span class='ocrx_word' id='word_1_154' title='bbox 514 2483 651 2569; x_wconf 86' lang='lat' dir='ltr'>vectigal</span> <span class='ocrx_word' id='word_1_155' title='bbox 665 2496 732 2548; x_wconf 91' lang='lat' dir='ltr'>erat</span> <span class='ocrx_word' id='word_1_156' title='bbox 748 2483 984 2569; x_wconf 88' lang='lat' dir='ltr'>locationesque</span> <span class='ocrx_word' id='word_1_157' title='bbox 1002 2485 1205 2571; x_wconf 87' lang='lat' dir='ltr'>praediorum</span> <span class='ocrx_word' id='word_1_158' title='bbox 1225 2484 1416 2550; x_wconf 91' lang='lat' dir='ltr'>rusticorum</span> 
     </span>
    </p>

    <p class='ocr_par' dir='ltr' id='par_1_7' title="bbox 352 2579 1417 2761">
     <span class='ocr_line' id='line_1_22' title="bbox 352 2579 1415 2665; baseline -0.002 -20"><span class='ocrx_word' id='word_1_159' title='bbox 352 2600 368 2645; x_wconf 84' lang='lat'>4</span> <span class='ocrx_word' id='word_1_160' title='bbox 387 2579 454 2643; x_wconf 93' lang='lat' dir='ltr'>tolli</span> <span class='ocrx_word' id='word_1_161' title='bbox 471 2579 633 2664; x_wconf 89' lang='lat' dir='ltr'>placebat:</span> <span class='ocrx_word' id='word_1_162' title='bbox 658 2602 733 2643; x_wconf 89' lang='lat' dir='ltr'>nam</span> <span class='ocrx_word' id='word_1_163' title='bbox 750 2601 855 2663; x_wconf 91' lang='lat' dir='ltr'>neque</span> <span class='ocrx_word' id='word_1_164' title='bbox 874 2581 942 2646; x_wconf 91' lang='lat' dir='ltr'>sine</span> <span class='ocrx_word' id='word_1_165' title='bbox 964 2580 1135 2665; x_wconf 88' lang='lat' dir='ltr'>publicano</span> <span class='ocrx_word' id='word_1_166' title='bbox 1154 2580 1294 2644; x_wconf 86' lang='lat' dir='ltr'>exerceri</span> <span class='ocrx_word' id='word_1_167' title='bbox 1311 2602 1415 2664; x_wconf 92' lang='lat' dir='ltr'>posse,</span> 
     </span>
     <span class='ocr_line' id='line_1_23' title="bbox 388 2675 1417 2761; baseline 0 -22"><span class='ocrx_word' id='word_1_168' title='bbox 388 2685 419 2739; x_wconf 88' lang='lat' dir='ltr'>et</span> <span class='ocrx_word' id='word_1_169' title='bbox 436 2677 493 2739; x_wconf 91' lang='lat' dir='ltr'>ubi</span> <span class='ocrx_word' id='word_1_170' title='bbox 510 2675 700 2761; x_wconf 91' lang='lat' dir='ltr'>publicanus</span> <span class='ocrx_word' id='word_1_171' title='bbox 719 2686 816 2754; x_wconf 86' lang='lat' dir='ltr'>esset,</span> <span class='ocrx_word' id='word_1_172' title='bbox 838 2676 885 2740; x_wconf 91' lang='lat' dir='ltr'>ibi</span> <span class='ocrx_word' id='word_1_173' title='bbox 902 2687 957 2740; x_wconf 91' lang='lat' dir='ltr'>aut</span> <span class='ocrx_word' id='word_1_174' title='bbox 974 2677 1024 2740; x_wconf 87' lang='lat' dir='ltr'>ius</span> <span class='ocrx_word' id='word_1_175' title='bbox 1041 2676 1206 2761; x_wconf 90' lang='lat' dir='ltr'>publicum</span> <span class='ocrx_word' id='word_1_176' title='bbox 1224 2699 1343 2740; x_wconf 86' lang='lat' dir='ltr'>vanum</span> <span class='ocrx_word' id='word_1_177' title='bbox 1362 2687 1417 2739; x_wconf 85' lang='lat' dir='ltr'>aut</span> 
     </span>
    </p>

    <p class='ocr_par' dir='ltr' id='par_1_8' title="bbox 354 2770 1416 3043">
     <span class='ocr_line' id='line_1_24' title="bbox 354 2770 1415 2857; baseline -0.002 -22"><span class='ocrx_word' id='word_1_178' title='bbox 354 2788 369 2835; x_wconf 88' lang='lat'><strong>5</strong></span> <span class='ocrx_word' id='word_1_179' title='bbox 388 2771 567 2834; x_wconf 90' lang='lat' dir='ltr'>libertatem</span> <span class='ocrx_word' id='word_1_180' title='bbox 580 2771 674 2835; x_wconf 91' lang='lat' dir='ltr'>sociis</span> <span class='ocrx_word' id='word_1_181' title='bbox 688 2772 809 2835; x_wconf 91' lang='lat' dir='ltr'>nullam</span> <span class='ocrx_word' id='word_1_182' title='bbox 818 2794 898 2837; x_wconf 88' lang='lat' dir='ltr'>esse.</span> <span class='ocrx_word' id='word_1_183' title='bbox 925 2794 966 2835; x_wconf 90' lang='lat' dir='ltr'>ne</span> <span class='ocrx_word' id='word_1_184' title='bbox 979 2772 1065 2857; x_wconf 88' lang='lat' dir='ltr'>ipsos</span> <span class='ocrx_word' id='word_1_185' title='bbox 1080 2770 1209 2853; x_wconf 91' lang='lat' dir='ltr'>quidem</span> <span class='ocrx_word' id='word_1_186' title='bbox 1219 2771 1415 2834; x_wconf 87' lang='lat' dir='ltr'>Macedonas</span> 
     </span>
     <span class='ocr_line' id='line_1_25' title="bbox 387 2864 1416 2950; baseline 0 -23"><span class='ocrx_word' id='word_1_187' title='bbox 387 2866 421 2927; x_wconf 94' lang='lat' dir='ltr'>id</span> <span class='ocrx_word' id='word_1_188' title='bbox 440 2887 587 2929; x_wconf 86' lang='lat' dir='ltr'>exercere</span> <span class='ocrx_word' id='word_1_189' title='bbox 605 2888 714 2950; x_wconf 88' lang='lat' dir='ltr'>posse3</span> <span class='ocrx_word' id='word_1_190' title='bbox 736 2867 793 2930; x_wconf 92' lang='lat' dir='ltr'>ubi</span> <span class='ocrx_word' id='word_1_191' title='bbox 813 2867 847 2930; x_wconf 92' lang='lat' dir='ltr'>in</span> <span class='ocrx_word' id='word_1_192' title='bbox 865 2866 969 2930; x_wconf 87' lang='lat' dir='ltr'>medio</span> <span class='ocrx_word' id='word_1_193' title='bbox 987 2864 1107 2949; x_wconf 88' lang='lat' dir='ltr'>praeda</span> <span class='ocrx_word' id='word_1_194' title='bbox 1124 2864 1416 2928; x_wconf 89' lang='lat' dir='ltr'>administrantibus</span> 
     </span>
     <span class='ocr_line' id='line_1_26' title="bbox 388 2959 1416 3043; baseline 0.001 -22"><span class='ocrx_word' id='word_1_195' title='bbox 388 2970 486 3033; x_wconf 89' lang='lat' dir='ltr'>esset,</span> <span class='ocrx_word' id='word_1_196' title='bbox 522 2959 566 3021; x_wconf 94' lang='lat' dir='ltr'>ibi</span> <span class='ocrx_word' id='word_1_197' title='bbox 598 2982 774 3043; x_wconf 89' lang='lat' dir='ltr'>numquam</span> <span class='ocrx_word' id='word_1_198' title='bbox 804 2982 917 3023; x_wconf 88' lang='lat' dir='ltr'>causas</span> <span class='ocrx_word' id='word_1_199' title='bbox 949 2960 1141 3023; x_wconf 90' lang='lat' dir='ltr'>seditionum</span> <span class='ocrx_word' id='word_1_200' title='bbox 1173 2970 1205 3022; x_wconf 89' lang='lat' dir='ltr'>et</span> <span class='ocrx_word' id='word_1_201' title='bbox 1236 2959 1416 3022; x_wconf 87' lang='lat' dir='ltr'>certaminis</span> 
     </span>
    </p>

    <p class='ocr_par' dir='ltr' id='par_1_9' title="bbox 354 3052 1418 3232">
     <span class='ocr_line' id='line_1_27' title="bbox 354 3052 1417 3140; baseline 0 -25"><span class='ocrx_word' id='word_1_202' title='bbox 354 3052 509 3116; x_wconf 82' lang='lat' dir='ltr'>cdefore.</span> <span class='ocrx_word' id='word_1_203' title='bbox 563 3075 730 3119; x_wconf 89' lang='lat' dir='ltr'>commune</span> <span class='ocrx_word' id='word_1_204' title='bbox 757 3055 925 3119; x_wconf 90' lang='lat' dir='ltr'>concilium</span> <span class='ocrx_word' id='word_1_205' title='bbox 955 3055 1059 3140; x_wconf 88' lang='lat' dir='ltr'>gentis</span> <span class='ocrx_word' id='word_1_206' title='bbox 1087 3077 1170 3130; x_wconf 88' lang='lat' dir='ltr'>esse,</span> <span class='ocrx_word' id='word_1_207' title='bbox 1202 3053 1417 3137; x_wconf 89' lang='lat' dir='ltr'>inprobatum,</span> 
     </span>
     <span class='ocr_line' id='line_1_28' title="bbox 390 3144 1418 3232; baseline 0.001 -22"><span class='ocrx_word' id='word_1_208' title='bbox 390 3144 458 3231; x_wconf 89' lang='lat' dir='ltr'>[ne]</span> <span class='ocrx_word' id='word_1_209' title='bbox 484 3147 573 3231; x_wconf 89' lang='lat' dir='ltr'>vulgi</span> <span class='ocrx_word' id='word_1_210' title='bbox 601 3148 783 3212; x_wconf 89' lang='lat' dir='ltr'>adsentator</span> <span class='ocrx_word' id='word_1_211' title='bbox 808 3150 980 3232; x_wconf 90' lang='lat' dir='ltr'>aliquando</span> <span class='ocrx_word' id='word_1_212' title='bbox 1006 3149 1186 3214; x_wconf 90' lang='lat' dir='ltr'>libertatem</span> <span class='ocrx_word' id='word_1_213' title='bbox 1208 3147 1327 3210; x_wconf 89' lang='lat' dir='ltr'>salubri</span> <span class='ocrx_word' id='word_1_214' title='bbox 1349 3170 1418 3211; x_wconf 92' lang='lat' dir='ltr'>mo-</span> 
     </span>
    </p>

    <p class='ocr_par' dir='ltr' id='par_1_10' title="bbox 355 3241 1418 3424">
     <span class='ocr_line' id='line_1_29' title="bbox 355 3241 1418 3328; baseline -0.002 -22"><span class='ocrx_word' id='word_1_215' title='bbox 355 3242 551 3306; x_wconf 79' lang='lat' dir='ltr'>tderatione</span> <span class='ocrx_word' id='word_1_216' title='bbox 580 3242 688 3307; x_wconf 89' lang='lat' dir='ltr'>datam</span> <span class='ocrx_word' id='word_1_217' title='bbox 714 3243 756 3306; x_wconf 89' lang='lat' dir='ltr'>ad</span> <span class='ocrx_word' id='word_1_218' title='bbox 780 3243 941 3308; x_wconf 87' lang='lat' dir='ltr'>licentiam</span> <span class='ocrx_word' id='word_1_219' title='bbox 967 3244 1167 3328; x_wconf 89' lang='lat' dir='ltr'>pestilentem</span> <span class='ocrx_word' id='word_1_220' title='bbox 1193 3241 1339 3306; x_wconf 85' lang='lat' dir='ltr'>traheret.</span> <span class='ocrx_word' id='word_1_221' title='bbox 1385 3242 1418 3304; x_wconf 90' lang='lat' dir='ltr'>in</span> 
     </span>
     <span class='ocr_line' id='line_1_30' title="bbox 388 3338 1417 3424; baseline -0.003 -24"><span class='ocrx_word' id='word_1_222' title='bbox 388 3350 539 3420; x_wconf 91' lang='lat' dir='ltr'>quattuor</span> <span class='ocrx_word' id='word_1_223' title='bbox 553 3338 699 3424; x_wconf 91' lang='lat' dir='ltr'>regiones</span> <span class='ocrx_word' id='word_1_224' title='bbox 715 3338 851 3402; x_wconf 89' lang='lat' dir='ltr'>describi</span> <span class='ocrx_word' id='word_1_225' title='bbox 861 3338 1097 3414; x_wconf 89' lang='lat' dir='ltr'>Macedoniam,</span> <span class='ocrx_word' id='word_1_226' title='bbox 1116 3348 1151 3400; x_wconf 93' lang='lat' dir='ltr'>ut</span> <span class='ocrx_word' id='word_1_227' title='bbox 1166 3359 1259 3400; x_wconf 91' lang='lat' dir='ltr'>suum</span> <span class='ocrx_word' id='word_1_228' title='bbox 1270 3357 1417 3418; x_wconf 91' lang='lat' dir='ltr'>quaeque</span> 
     </span>
    </p>

    <p class='ocr_par' dir='ltr' id='par_1_11' title="bbox 301 3429 1418 3517">
     <span class='ocr_line' id='line_1_31' title="bbox 301 3429 1418 3517; baseline -0.005 -20"><span class='ocrx_word' id='word_1_229' title='bbox 301 3429 302 3432; x_wconf 45' lang='lat'>&#39;</span> <span class='ocrx_word' id='word_1_230' title='bbox 389 3433 557 3516; x_wconf 85' lang='lat' dir='ltr'>concilium</span> <span class='ocrx_word' id='word_1_231' title='bbox 572 3433 713 3509; x_wconf 90' lang='lat' dir='ltr'>haberet,</span> <span class='ocrx_word' id='word_1_232' title='bbox 726 3432 856 3517; x_wconf 91' lang='lat' dir='ltr'>placuit,</span> <span class='ocrx_word' id='word_1_233' title='bbox 871 3444 903 3497; x_wconf 89' lang='lat' dir='ltr'>et</span> <span class='ocrx_word' id='word_1_234' title='bbox 918 3433 1085 3497; x_wconf 91' lang='lat' dir='ltr'>dimidium</span> <span class='ocrx_word' id='word_1_235' title='bbox 1098 3431 1207 3496; x_wconf 91' lang='lat' dir='ltr'>tributi</span> <span class='ocrx_word' id='word_1_236' title='bbox 1223 3452 1320 3513; x_wconf 89' lang='lat' dir='ltr'>quam</span> <span class='ocrx_word' id='word_1_237' title='bbox 1330 3429 1418 3512; x_wconf 91' lang='lat' dir='ltr'>quod</span> 
     </span>
    </p>

    <p class='ocr_par' dir='ltr' id='par_1_12' title="bbox 355 3524 1420 3708">
     <span class='ocr_line' id='line_1_32' title="bbox 355 3524 1420 3614; baseline -0.005 -24"><span class='ocrx_word' id='word_1_238' title='bbox 355 3544 371 3590; x_wconf 82' lang='lat'>8</span> <span class='ocrx_word' id='word_1_239' title='bbox 390 3529 519 3614; x_wconf 83' lang='lat' dir='ltr'>regibus</span> <span class='ocrx_word' id='word_1_240' title='bbox 534 3528 617 3592; x_wconf 87' lang='lat' dir='ltr'>ferre</span> <span class='ocrx_word' id='word_1_241' title='bbox 634 3528 717 3591; x_wconf 92' lang='lat' dir='ltr'>soliti</span> <span class='ocrx_word' id='word_1_242' title='bbox 731 3539 821 3592; x_wconf 90' lang='lat' dir='ltr'>erant</span> <span class='ocrx_word' id='word_1_243' title='bbox 834 3528 953 3613; x_wconf 88' lang='lat' dir='ltr'>populo</span> <span class='ocrx_word' id='word_1_244' title='bbox 963 3528 1109 3592; x_wconf 86' lang='lat' dir='ltr'>Romano</span> <span class='ocrx_word' id='word_1_245' title='bbox 1127 3527 1275 3611; x_wconf 89' lang='lat' dir='ltr'>pendere.</span> <span class='ocrx_word' id='word_1_246' title='bbox 1304 3524 1420 3587; x_wconf 90' lang='lat' dir='ltr'>similia</span> 
     </span>
     <span class='ocr_line' id='line_1_33' title="bbox 390 3616 1420 3708; baseline -0.006 -23"><span class='ocrx_word' id='word_1_247' title='bbox 390 3624 439 3686; x_wconf 90' lang='lat' dir='ltr'>his</span> <span class='ocrx_word' id='word_1_248' title='bbox 458 3635 488 3687; x_wconf 92' lang='lat' dir='ltr'>et</span> <span class='ocrx_word' id='word_1_249' title='bbox 509 3620 570 3708; x_wconf 90' lang='lat' dir='ltr'>[in]</span> <span class='ocrx_word' id='word_1_250' title='bbox 587 3623 752 3705; x_wconf 88' lang='lat' dir='ltr'>Illyricum</span> <span class='ocrx_word' id='word_1_251' title='bbox 769 3624 931 3687; x_wconf 87' lang='lat' dir='ltr'>mandata.</span> <span class='ocrx_word' id='word_1_252' title='bbox 959 3633 1064 3687; x_wconf 87' lang='lat' dir='ltr'>cetera</span> <span class='ocrx_word' id='word_1_253' title='bbox 1080 3621 1157 3706; x_wconf 88' lang='lat' dir='ltr'>ipsis</span> <span class='ocrx_word' id='word_1_254' title='bbox 1174 3616 1420 3704; x_wconf 90' lang='lat' dir='ltr'>imperatoribus</span> 
     </span>
    </p>

    <p class='ocr_par' dir='ltr' id='par_1_13' title="bbox 365 3710 1421 3875">
     <span class='ocr_line' id='line_1_34' title="bbox 365 3710 1421 3802; baseline -0.007 -21"><span class='ocrx_word' id='word_1_255' title='bbox 365 3710 369 3717; x_wconf 70' lang='grc'><strong>’</strong></span> <span class='ocrx_word' id='word_1_256' title='bbox 389 3717 568 3802; x_wconf 88' lang='lat' dir='ltr'>legatisque</span> <span class='ocrx_word' id='word_1_257' title='bbox 582 3716 701 3793; x_wconf 91' lang='lat' dir='ltr'>relicta,</span> <span class='ocrx_word' id='word_1_258' title='bbox 719 3716 883 3800; x_wconf 90' lang='lat' dir='ltr'>inquibus</span> <span class='ocrx_word' id='word_1_259' title='bbox 901 3739 1051 3802; x_wconf 89' lang='lat' dir='ltr'>praesens</span> <span class='ocrx_word' id='word_1_260' title='bbox 1068 3713 1214 3780; x_wconf 86' lang='lat' dir='ltr'>tractatio</span> <span class='ocrx_word' id='word_1_261' title='bbox 1232 3735 1339 3777; x_wconf 93' lang='lat' dir='ltr'>rerum</span> <span class='ocrx_word' id='word_1_262' title='bbox 1353 3733 1421 3776; x_wconf 91' lang='lat' dir='ltr'>cer·</span> 
     </span>
     <span class='ocr_line' id='line_1_35' title="bbox 390 3811 915 3875; baseline 0.004 -2"><span class='ocrx_word' id='word_1_263' title='bbox 390 3813 470 3875; x_wconf 91' lang='lat' dir='ltr'>tiora</span> <span class='ocrx_word' id='word_1_264' title='bbox 488 3812 671 3875; x_wconf 87' lang='lat' dir='ltr'>subiectura</span> <span class='ocrx_word' id='word_1_265' title='bbox 688 3821 757 3874; x_wconf 90' lang='lat' dir='ltr'>erat</span> <span class='ocrx_word' id='word_1_266' title='bbox 774 3811 915 3875; x_wconf 84' lang='lat' dir='ltr'>consilia.</span> 
     </span>
    </p>

    <p class='ocr_par' dir='ltr' id='par_1_14' title="bbox 360 3898 1421 4085">
     <span class='ocr_line' id='line_1_36' title="bbox 360 3898 1421 3989; baseline 0 -26"><span class='ocrx_word' id='word_1_267' title='bbox 360 3920 373 3963; x_wconf 90' lang='lat'>1</span> <span class='ocrx_word' id='word_1_268' title='bbox 456 3903 607 3969; x_wconf 92' lang='lat' dir='ltr'><strong>XVIIII.</strong></span> <span class='ocrx_word' id='word_1_269' title='bbox 634 3904 724 3969; x_wconf 90' lang='lat' dir='ltr'>Inter</span> <span class='ocrx_word' id='word_1_270' title='bbox 741 3905 858 3968; x_wconf 89' lang='lat' dir='ltr'>multas</span> <span class='ocrx_word' id='word_1_271' title='bbox 880 3926 993 3989; x_wconf 86' lang='lat' dir='ltr'>regum</span> <span class='ocrx_word' id='word_1_272' title='bbox 1012 3901 1220 3987; x_wconf 91' lang='lat' dir='ltr'>gentiumque</span> <span class='ocrx_word' id='word_1_273' title='bbox 1238 3912 1270 3965; x_wconf 92' lang='lat' dir='ltr'>et</span> <span class='ocrx_word' id='word_1_274' title='bbox 1287 3898 1421 3986; x_wconf 91' lang='lat' dir='ltr'>populo-</span> 
     </span>
     <span class='ocr_line' id='line_1_37' title="bbox 373 3994 1421 4085; baseline 0.004 -32"><span class='ocrx_word' id='word_1_275' title='bbox 373 4015 465 4085; x_wconf 87' lang='lat' dir='ltr'>rum</span> <span class='ocrx_word' id='word_1_276' title='bbox 486 3998 661 4081; x_wconf 90' lang='lat' dir='ltr'>legationes</span> <span class='ocrx_word' id='word_1_277' title='bbox 682 3997 829 4076; x_wconf 87' lang='lat' dir='ltr'>Attalus,</span> <span class='ocrx_word' id='word_1_278' title='bbox 857 3998 955 4063; x_wconf 84' lang='lat' dir='ltr'>frater</span> <span class='ocrx_word' id='word_1_279' title='bbox 976 3995 1062 4080; x_wconf 86' lang='lat' dir='ltr'>regis</span> <span class='ocrx_word' id='word_1_280' title='bbox 1084 3994 1254 4072; x_wconf 82' lang='lat' dir='ltr'>Eumenis,</span> <span class='ocrx_word' id='word_1_281' title='bbox 1281 3994 1421 4058; x_wconf 84' lang='lat' dir='ltr'>maxime</span> 
     </span>
    </p>

    <p class='ocr_par' dir='ltr' id='par_1_15' title="bbox 360 4088 1422 4268">
     <span class='ocr_line' id='line_1_38' title="bbox 360 4088 1422 4175; baseline -0.003 -22"><span class='ocrx_word' id='word_1_282' title='bbox 360 4106 375 4153; x_wconf 79' lang='lat'>2</span> <span class='ocrx_word' id='word_1_283' title='bbox 395 4091 550 4151; x_wconf 88' lang='lat' dir='ltr'>convertit</span> <span class='ocrx_word' id='word_1_284' title='bbox 566 4093 599 4154; x_wconf 91' lang='lat' dir='ltr'>in</span> <span class='ocrx_word' id='word_1_285' title='bbox 614 4116 648 4156; x_wconf 88' lang='lat' dir='ltr'>se</span> <span class='ocrx_word' id='word_1_286' title='bbox 662 4093 804 4157; x_wconf 93' lang='lat' dir='ltr'>omnium</span> <span class='ocrx_word' id='word_1_287' title='bbox 819 4094 928 4158; x_wconf 88' lang='lat' dir='ltr'>oculos</span> <span class='ocrx_word' id='word_1_288' title='bbox 942 4090 1138 4173; x_wconf 88' lang='lat' dir='ltr'>animosque.</span> <span class='ocrx_word' id='word_1_289' title='bbox 1165 4099 1318 4175; x_wconf 89' lang='lat' dir='ltr'>exceptus</span> <span class='ocrx_word' id='word_1_290' title='bbox 1338 4088 1422 4152; x_wconf 92' lang='lat' dir='ltr'>enim</span> 
     </span>
     <span class='ocr_line' id='line_1_39' title="bbox 395 4179 1421 4268; baseline 0.002 -26"><span class='ocrx_word' id='word_1_291' title='bbox 395 4190 442 4243; x_wconf 90' lang='lat' dir='ltr'>est</span> <span class='ocrx_word' id='word_1_292' title='bbox 466 4179 507 4241; x_wconf 87' lang='lat' dir='ltr'>ab</span> <span class='ocrx_word' id='word_1_293' title='bbox 528 4180 581 4257; x_wconf 89' lang='lat' dir='ltr'>iis,</span> <span class='ocrx_word' id='word_1_294' title='bbox 608 4186 664 4266; x_wconf 93' lang='lat' dir='ltr'>qni</span> <span class='ocrx_word' id='word_1_295' title='bbox 686 4188 780 4251; x_wconf 92' lang='lat' dir='ltr'>simul</span> <span class='ocrx_word' id='word_1_296' title='bbox 802 4209 840 4251; x_wconf 89' lang='lat' dir='ltr'>eo</span> <span class='ocrx_word' id='word_1_297' title='bbox 864 4185 948 4250; x_wconf 92' lang='lat' dir='ltr'>bello</span> <span class='ocrx_word' id='word_1_298' title='bbox 972 4183 1200 4263; x_wconf 86' lang='lat' dir='ltr'>militaverunt,</span> <span class='ocrx_word' id='word_1_299' title='bbox 1228 4184 1308 4248; x_wconf 90' lang='lat' dir='ltr'>haut</span> <span class='ocrx_word' id='word_1_300' title='bbox 1325 4182 1421 4268; x_wconf 90' lang='lat' dir='ltr'>paulo</span> 
     </span>
    </p>

    <p class='ocr_par' dir='ltr' id='par_1_16' title="bbox 361 4274 1423 4366">
     <span class='ocr_line' id='line_1_40' title="bbox 361 4274 1423 4366; baseline -0.006 -23"><span class='ocrx_word' id='word_1_301' title='bbox 361 4296 376 4343; x_wconf 81' lang='lat'><strong>3</strong></span> <span class='ocrx_word' id='word_1_302' title='bbox 394 4274 573 4361; x_wconf 86' lang='lat' dir='ltr'>benignius,</span> <span class='ocrx_word' id='word_1_303' title='bbox 584 4282 717 4361; x_wconf 89' lang='lat' dir='ltr'>quamsi</span> <span class='ocrx_word' id='word_1_304' title='bbox 730 4281 798 4366; x_wconf 90' lang='lat' dir='ltr'>ipse</span> <span class='ocrx_word' id='word_1_305' title='bbox 807 4304 865 4345; x_wconf 85' lang='lat' dir='ltr'>rex</span> <span class='ocrx_word' id='word_1_306' title='bbox 874 4280 1035 4345; x_wconf 84' lang='lat' dir='ltr'>Eumenes</span> <span class='ocrx_word' id='word_1_307' title='bbox 1046 4282 1193 4347; x_wconf 77' lang='lat' dir='ltr'>venisset</span> <span class='ocrx_word' id='word_1_308' title='bbox 1221 4280 1423 4345; x_wconf 89' lang='lat' dir='ltr'>adduxerant</span> 
     </span>
    </p>
   </div>
   <div class='ocr_carea' id='block_1_3' title="bbox 0 0 1702 4975">
    <p class='ocr_par' dir='ltr' id='par_1_17' title="bbox 0 0 1702 4975">
     <span class='ocr_line' id='line_1_41' title="bbox 0 0 1702 4975; baseline 0 0"><span class='ocrx_word' id='word_1_309' title='bbox 0 0 1702 4975; x_wconf 95' lang='lat' dir='ltr'> </span> 
     </span>
    </p>
   </div>
  </div>
 </body>
</html>
