3384 4975
216 477 224 493 '
307 492 407 559 1140
560 502 942 600 cinnamum.
962 503 1147 572 [suasae]
1241 542 1251 553 .

339 663 415 726 bilis
428 663 497 747 ripa
511 661 686 736 videbatur,
701 670 733 724 et
747 670 969 745 praeterquam
978 659 1063 742 quod
1077 671 1233 726 tormenta
1247 663 1373 748 ubique

276 772 280 779 ¹
343 756 495 843 disposita
512 767 631 832 essent,
653 754 830 829 missilibus,
850 753 946 817 etiam
964 754 1077 818 melius
1096 766 1127 820 et
1150 755 1282 821 certiore
1301 759 1372 824 ictu

293 873 325 920 10
342 849 441 913 hostis
456 850 504 912 uti
518 849 669 912 audierat.
698 848 759 912 alio
774 847 940 932 spectabat
957 870 1046 911 mens
1059 859 1126 912 tota
1141 849 1240 926 ducis,
1259 851 1373 916 dimis-

343 964 441 1026 soque
464 942 593 1007 consilio
615 941 793 1006 Perraebos
815 952 1006 1006 mercatores
1031 937 1178 1006 Coenum
1199 954 1231 1006 et
1251 944 1373 1010 Meno·

342 1037 480 1121 philum,
506 1047 601 1100 notae
623 1047 655 1100 et
675 1034 750 1100 fidei
772 1036 837 1098 iam
860 1034 975 1099 sibiet
1001 1036 1188 1119 prudentiae
1212 1036 1372 1115 homines,

343 1131 511 1196 accersitos
539 1142 660 1195 secreto
687 1140 927 1214 percunctatur,
955 1130 1065 1211 quales
1093 1129 1134 1192 ad
1161 1129 1371 1197 Perraebiam

293 1247 330 1292 11¹
343 1225 494 1289 transitus
511 1225 583 1288 sint.
610 1247 683 1288 cum
700 1224 771 1287 loca
787 1244 852 1287 non
869 1223 980 1305 iniqua
993 1245 1062 1286 esse
1081 1222 1230 1300 dicerent,
1248 1228 1372 1309 praesi-

343 1319 403 1383 diis
422 1330 529 1382 autem
551 1321 636 1402 regis
654 1317 806 1392 obsideri,
825 1339 916 1401 spem
934 1316 1031 1400 cepit,
1050 1316 1077 1378 si
1094 1329 1187 1382 nocte
1205 1319 1370 1402 inproviso
1387 1401 1390 1408 Ι

344 1412 451 1477 valida
467 1435 565 1476 manu
583 1413 753 1496 adgressus
767 1411 985 1494 necopinantis
998 1423 1091 1487 esset,
1110 1411 1192 1475 deici
1209 1413 1370 1497 praesidia

294 1526 325 1572 12
343 1529 451 1592 posse:
474 1507 578 1572 iacula
597 1507 730 1571 enimet
752 1506 884 1589 sagittas
903 1516 935 1570 et
957 1518 1061 1569 cetera
1079 1505 1211 1569 missilia
1227 1506 1262 1569 in
1280 1518 1370 1571 tene·

344 1602 423 1679 bris,
445 1601 502 1665 ubi
524 1601 602 1684 quid
619 1611 745 1685 petatur
766 1600 878 1683 procul
895 1598 1055 1684 provideri
1073 1610 1225 1682 nequeat,
1242 1601 1371 1664 inutilia

258 1756 260 1763 ,
344 1717 429 1770 esse;
451 1694 557 1778 gladio
581 1693 755 1757 comminus
778 1693 846 1777 geri
864 1715 932 1756 rem
949 1693 982 1755 in
1002 1693 1158 1778 permixta
1175 1694 1284 1770 turba,
1303 1716 1370 1777 quo

294 1805 326 1851 13
343 1787 433 1850 miles
451 1787 615 1850 Romanus
637 1785 752 1849 vincat.
800 1786 850 1849 bis
872 1786 1007 1850 ducibus
1033 1808 1162 1861 usurus,
1189 1798 1369 1870 praetorem

345 1877 518 1944 Octavium
540 1880 728 1944 accersitum
745 1880 903 1964 exposito,
922 1879 999 1962 quid
1017 1889 1157 1963 pararet,
1181 1880 1368 1945 Heraclium

345 1996 418 2038 cum
432 1974 532 2038 classe
545 1984 653 2058 petere
670 1973 758 2037 iubet
772 1984 802 2037 et
817 1972 903 2036 mille
921 1972 1102 2035 hominibus
1119 1973 1229 2037 decem
1243 1974 1368 2038 dierum

295 2086 327 2131 14
345 2078 435 2133 cocta
453 2067 571 2131 cibaria
587 2067 714 2132 habere.
740 2066 808 2152 ipse
825 2066 865 2140 P.
877 2065 1060 2150 Scipionem
1068 2066 1230 2142 Nasicam,
1250 2066 1291 2148 Q.
1301 2067 1368 2132 Fa-

345 2156 433 2224 bium
449 2161 631 2225 Maximum
648 2162 749 2224 filium
772 2184 865 2225 suum
883 2184 955 2225 cum
974 2161 1114 2244 quinque
1138 2161 1266 2224 delectis
1284 2162 1369 2224 mili-

344 2266 413 2318 tum
431 2252 588 2340 [milibus]
608 2256 801 2320 Heracleum
819 2255 928 2330 mittit,
952 2254 1040 2318 velut
1062 2254 1196 2318 classem
1215 2276 1369 2319 conscen-

345 2368 435 2410 suros
459 2347 499 2409 ad
522 2348 723 2410 maritumam
748 2370 836 2411 oram
858 2347 1014 2411 interioris
1032 2348 1256 2421 Macedoniae,
1278 2349 1368 2429 quod

295 2461 326 2507 15
345 2441 378 2503 in
396 2440 525 2505 consilio
543 2441 699 2525 agitatum
717 2451 794 2517 erat,
812 2441 1009 2505 vastandam.
1053 2452 1175 2506 secreto
1192 2441 1368 2507 indicatum

345 2533 464 2597 cibaria
481 2534 530 2597 his
548 2548 736 2619 praeparata
754 2535 794 2598 ad
812 2535 945 2599 classem
964 2558 1048 2611 esse,
1072 2559 1113 2599 ne
1131 2536 1209 2617 quid
1226 2557 1280 2599 eos
1299 2558 1369 2599 mo-

344 2641 476 2693 raretur.
519 2629 594 2693 inde
615 2629 693 2693 iussi
716 2630 804 2694 ducis
828 2630 949 2693 itineris
970 2630 1016 2693 ita
1041 2629 1181 2693 dividere
1204 2629 1305 2705 viam,
1332 2641 1368 2693 ut

296 2742 327 2790 16
347 2735 459 2805 quarta
482 2724 592 2809 vigilia
614 2723 706 2788 tertio
729 2724 780 2789 die
801 2724 955 2807 Pythium
977 2724 1093 2787 adoriri
1115 2734 1254 2808 possent.
1299 2723 1367 2807 ipse

345 2829 471 2901 postero
495 2818 560 2892 die,
587 2830 622 2882 ut
646 2818 801 2882 detineret
821 2840 930 2901 regem
948 2817 989 2880 ab
1012 2817 1243 2901 circumspectu
1262 2839 1368 2881 rerum
1415 2881 1418 2888 ,

346 2910 488 2988 aliarum,
502 2911 604 2994 prima
612 2912 682 2974 luce
693 2912 796 2975 medio
806 2911 838 2974 in
849 2912 940 2975 alveo
950 2933 1023 2974 cum
1032 2911 1219 2974 stationibus
1229 2910 1369 2973 hostium

345 3002 500 3085 proelium
518 3004 689 3080 commisit,
712 3016 808 3087 atque
830 3016 1009 3089 pugnatum
1026 3005 1216 3088 utrimquest
1237 3004 1301 3067 levi
1319 3026 1369 3067 ar·

346 3106 479 3159 matura.
524 3119 583 3160 nec
609 3098 808 3182 gravioribus
836 3098 931 3162 armis
955 3099 988 3161 in
1009 3108 1075 3163 tam
1099 3097 1260 3179 inaequali
1278 3098 1369 3161 alveo

297 3213 327 3257 11
346 3190 482 3275 pugnari
507 3202 640 3275 poterat.
686 3192 856 3257 descensus
883 3192 971 3276 ripae
997 3193 1162 3275 utriusque
1184 3192 1218 3254 in
1241 3192 1369 3254 alveum

346 3294 559 3349 trecentorum
572 3285 671 3350 ferme
686 3292 814 3371 passdm
829 3297 905 3362 erat,
916 3287 1057 3351 medium
1066 3285 1203 3370 spatium
1213 3284 1370 3358 torrentis,

347 3378 423 3441 alibi
440 3380 531 3443 aliter
548 3380 661 3455 cavati,
679 3381 773 3465 paulo
791 3382 863 3465 plus
882 3402 978 3464 quam
995 3382 1081 3444 mille
1099 3402 1211 3464 passus
1229 3377 1369 3462 patebat.

299 3494 329 3541 18
347 3473 394 3538 ibi
414 3473 449 3537 in
469 3474 573 3539 medio
597 3474 813 3559 spectantibus
840 3476 1000 3559 utrimque
1027 3498 1067 3539 ex
1088 3474 1171 3537 vallo
1195 3483 1371 3536 castrorum

349 3565 437 3652 [hinc
454 3568 555 3655 rege]
575 3570 650 3634 hinc
668 3570 797 3634 consule
816 3592 889 3634 cum
913 3570 978 3635 suis
995 3567 1173 3654 legionibus
1191 3576 1371 3650 pugnatum

298 3681 329 3727 19
348 3673 404 3726 est
447 3664 619 3728 missilibus
644 3665 755 3749 procul
778 3664 868 3749 regia
890 3665 1007 3729 auxilia
1029 3662 1141 3727 melius
1168 3658 1371 3745 pugnabant3

348 3757 523 3821 comminus
546 3757 688 3822 stabilior
705 3769 738 3821 et
760 3758 857 3822 tutior
874 3769 930 3821 aut
951 3778 1062 3842 parma
1080 3767 1136 3819 aut
1158 3765 1249 3818 scuto
1267 3752 1373 3835 Ligu·

298 3868 331 3915 ao
350 3850 432 3914 stino
441 3852 605 3915 Romanus
614 3863 692 3916 erat.
718 3851 849 3916 meridie
863 3852 930 3917 fere
944 3848 1085 3933 receptui
1095 3850 1165 3914 cani
1181 3847 1245 3911 suis
1260 3844 1373 3910 consul

338 3942 448 4008 iussit.
491 3946 536 4009 ita
561 3967 599 4009 eo
622 3946 672 4010 die
695 3946 886 4030 diremptum
908 3943 1062 4029 proelium
1087 3954 1134 4007 est
1156 3941 1234 4004 haut
1259 3938 1372 4025 paucis

298 4052 329 4098 11
349 4035 508 4119 utrimque
530 4040 713 4105 interfectis.
757 4041 823 4104 sole
841 4050 910 4103 orto
932 4048 1058 4121 postero
1077 4037 1128 4101 die
1150 4035 1285 4100 inritatis
1304 4054 1373 4097 cer-

349 4126 467 4192 tamine
485 4132 598 4197 animis
616 4133 711 4199 etiam
730 4133 832 4197 acrius
851 4152 1040 4196 concursum
1058 4143 1114 4195 est.
1159 4130 1215 4193 sed
1233 4125 1373 4193 Romani

349 4242 414 4285 non
428 4221 469 4284 ab
483 4224 532 4288 his
546 4236 680 4303 tanturn,
694 4249 767 4291 cum
779 4225 895 4310 quibus
910 4236 1104 4289 contractum
1119 4238 1279 4289 certamen
1294 4232 1372 4297 erat,
