3384 4975
400 501 465 569 174
638 511 757 565 LIBER
774 509 931 579 XXXXV,
950 511 993 564 25.
1013 512 1196 579 [a.u.c.587]

400 693 531 737 eausam
543 690 653 735 eorum
668 666 790 732 adiuvit
798 666 849 730 M.
857 665 992 730 Porcius
1003 664 1097 743 Cato,
1116 666 1172 750 qui
1190 691 1283 754 asper
1300 671 1437 757 ingenio

365 789 382 835 a
401 777 472 831 tum
487 765 591 828 lenem
608 761 783 843 mitemque
797 770 977 824 senatorem
994 761 1070 846 egit.
1097 783 1162 825 non
1179 763 1317 828 inseram
1332 767 1437 832 simu-

400 860 523 923 lacrum
539 855 600 919 viri
613 855 740 938 copiose
757 853 792 917 id
807 854 895 937 quod
908 853 1023 918 dixerit
1039 854 1222 933 referend03
1239 858 1341 942 ipsius
1361 882 1437 926 ora»

365 977 383 1023 4
401 951 443 1016 tio
462 949 580 1033 scripta
597 958 710 1022 exstat,
725 945 899 1032 Originum
915 948 1026 1031 quinto
1039 949 1121 1013 libro
1136 950 1269 1014 inclusa.
1295 953 1435 1020 Rhodiis

399 1066 588 1130 responsum
600 1042 646 1108 ita
657 1042 820 1107 redditum
833 1053 891 1119 est,
909 1054 946 1108 ut
958 1065 1018 1109 nec
1030 1044 1137 1108 hostes
1155 1045 1266 1110 fierent
1279 1069 1340 1111 nec
1354 1051 1435 1115 socii

399 1148 632 1225 permanerent.
675 1137 877 1202 Philocrates
899 1148 932 1201 et
948 1138 1143 1222 Astymedes
1166 1140 1325 1226 principes
1344 1143 1435 1230 lega·

366 1258 382 1304 5
401 1235 494 1300 tionis
512 1244 612 1298 erant.
644 1242 768 1317 partem
786 1254 861 1296 cum
877 1231 1060 1297 Philocrate
1077 1234 1260 1299 renuntiare
1278 1235 1434 1302 Rhodum

400 1328 594 1414 legationem
611 1327 751 1412 placuit,
773 1337 898 1411 partem
921 1348 996 1391 eum
1012 1327 1191 1411 Astymede
1209 1328 1333 1395 Romae
1356 1333 1435 1396 sub-

401 1423 527 1498 sistere,
554 1442 637 1504 quae
662 1418 774 1506 [quae]
800 1431 973 1505 agerentur
999 1421 1093 1485 sciret
1120 1422 1333 1507 certioresque
1356 1448 1432 1490 suos

367 1537 382 1584 6
402 1516 530 1581 faceret.
556 1515 592 1579 in
603 1515 784 1599 praesentia
793 1514 951 1580 deducere
964 1525 1037 1579 ante
1049 1525 1168 1579 certam
1183 1515 1268 1580 diem
1277 1540 1318 1582 ex
1327 1517 1433 1602 Lycia

402 1609 564 1694 Cariaque
586 1610 747 1675 iusserunt
768 1610 958 1694 praefectos.
1001 1609 1081 1674 haee
1099 1609 1251 1675 Rhodum
1272 1613 1432 1690 nuntiata,

401 1727 484 1789 quae
501 1726 559 1789 per
573 1726 607 1769 se
621 1704 722 1768 tristia
739 1703 885 1780 tuissent,
903 1703 979 1786 quia
991 1703 1118 1768 maioris
1132 1705 1209 1768 mali
1225 1707 1349 1771 levatus
1364 1719 1434 1772 erat

368 1822 382 1869 7
401 1802 505 1877 timor,
524 1823 597 1866 cum
613 1799 733 1864 bellum
746 1799 936 1877 timuissent,
953 1800 1157 1884 ingaudium
1171 1812 1343 1866 verterunt
1371 1803 1434 1867 ita-

401 1919 464 1981 que
482 1897 641 1980 extemplo
660 1917 810 1960 eoronam
828 1893 942 1980 viginti
959 1894 1082 1957 milium
1097 1915 1266 1959 aureorum
1282 1897 1434 1962 decreve-

400 2001 485 2055 runt.
520 1988 732 2054 Theaetetum
749 1988 948 2074 praefectum
967 1988 1075 2052 classis
1097 1989 1131 2053 in
1149 2011 1221 2052 eam
1237 1989 1432 2075 legationem

401 2085 565 2150 misenmt„
610 2083 793 2149 societatem
815 2083 857 2149 ab
875 2084 1030 2148 Romanis
1052 2083 1097 2147 ita
1114 2083 1266 2148 volebant
1287 2086 1369 2170 peti,
1396 2097 1433 2150 ut

401 2180 525 2244 nullum
539 2179 579 2244 de
597 2201 636 2244 ea
649 2201 683 2244 re
698 2178 813 2243 scitum
830 2178 942 2264 populi
959 2178 1048 2244 fieret
1063 2189 1119 2242 aut
1135 2178 1247 2243 litteris
1264 2181 1435 2245 mandare-

401 2284 464 2349 tur,
473 2272 560 2356 quod
573 2273 635 2336 nisi
647 2273 864 2357 impetrarent,
874 2272 1003 2337 maiora
1012 2273 1139 2357 repulsa
1153 2272 1327 2358 ignominia
1336 2287 1431 2338 esset.

368 2387 384 2434 8
402 2367 556 2451 praefecti
574 2366 683 2430 classis
700 2366 734 2429 id
750 2366 845 2430 unius
864 2366 1009 2444 erarius,
1027 2378 1064 2431 ut
1082 2388 1177 2452 agere
1196 2367 1235 2432 de
1252 2389 1291 2431 ea
1307 2389 1342 2430 re
1361 2368 1433 2434 sine

369 2482 384 2530 9
403 2459 568 2545 rogatione
585 2460 652 2524 ulla
673 2460 796 2546 perlata
817 2471 935 2542 posset.
980 2484 1056 2527 nam
1073 2461 1118 2527 ita
1135 2484 1193 2548 per
1214 2470 1261 2526 tot
1278 2481 1380 2526 annos
1398 2462 1432 2528 in

403 2556 543 2621 amicitia
560 2556 700 2632 fuerant,
723 2565 760 2619 ut
777 2554 886 2621 sociali
903 2556 1032 2622 foedere
1051 2579 1085 2622 se
1103 2579 1177 2621 cum
1194 2556 1349 2621 Romanis
1366 2580 1433 2623 non

402 2650 587 2736 inligarent,
605 2650 647 2714 ob
665 2649 787 2714 nullam
804 2650 900 2715 aliam
919 2672 1048 2715 oausam
1066 2672 1163 2733 quam
1182 2672 1222 2715 ne
1240 2672 1331 2735 spem
1349 2650 1433 2735 regi-

403 2745 464 2809 bus
488 2744 688 2810 absciderent
706 2744 816 2808 auxilii
834 2744 900 2822 sui,
923 2744 1047 2828 siquid
1069 2766 1149 2829 opus
1168 2752 1266 2819 esset,
1289 2767 1353 2808 neu
1372 2743 1433 2807 sibi

403 2839 481 2924 ipsis
498 2839 621 2904 fruetus
637 2862 677 2902 ex
694 2838 893 2924 benignitate
907 2849 939 2904 et
955 2838 1084 2902 fortuna
1098 2860 1208 2903 eorum
1225 2838 1434 2923 percipiendi.

352 2955 386 3001 10
404 2942 479 2996 tunc
493 2932 604 3014 utique
623 2932 761 3016 petenda
775 2932 909 2996 societas
923 2931 1101 3009 videbatur,
1119 2954 1183 2995 non
1198 2951 1281 3013 quae
1299 2932 1435 2997 tutiores

404 3046 458 3089 eos
471 3024 512 3087 ab
527 3025 596 3088 aliis
611 3024 851 3090 faceret—nee
866 3025 950 3089 enim
964 3025 1118 3090 timebant
1132 3046 1327 3109 quemquam
1340 3048 1435 3111 prae·

403 3128 453 3183 ter
462 3118 625 3183 Romanos
635 3154 687 3196 -,
705 3118 762 3183 sed
780 3140 863 3203 quae
880 3119 956 3203 ipsis
967 3120 1120 3184 Romanis
1137 3119 1243 3183 minus
1257 3132 1437 3205 suspectos.

353 3235 385 3282 11
405 3212 465 3277 sub
482 3212 568 3277 idem
586 3212 653 3278 fere
677 3224 802 3297 tempus
821 3224 854 3278 et
872 3211 977 3278 Cauni
995 3215 1157 3280 descivere
1175 3215 1216 3278 ab
1239 3213 1288 3278 his
1306 3225 1339 3280 et
1355 3215 1436 3301 My·

353 3328 386 3376 12
403 3308 543 3372 lasenses
561 3306 809 3373 Euromensium
828 3308 946 3393 oppida
963 3319 1169 3395 occuparunt.
1195 3308 1322 3372 nonita
1339 3310 1435 3374 fracti

406 3401 504 3465 enimi
521 3401 657 3467 civitatis
675 3411 779 3478 erant,
797 3411 834 3465 ut
851 3423 916 3466 non
933 3403 1101 3480 sentirent,
1120 3402 1147 3467 si
1163 3401 1268 3487 Lycia
1285 3412 1317 3466 et
1335 3399 1436 3467 Caria

405 3499 573 3584 ademptae
592 3501 633 3564 ab
651 3498 806 3564 Romanis
824 3497 942 3575 forent,
966 3511 1071 3565 cetera
1088 3509 1144 3564 aut
1162 3521 1196 3563 se
1214 3499 1359 3583 ipseper
1378 3498 1435 3561 de·

405 3594 576 3660 sectionem
592 3596 764 3661 liberarent
778 3605 834 3659 aut
848 3619 868 3659 a
884 3595 1038 3661 finitumis
1052 3605 1294 3679 occuparentur,
1312 3593 1437 3658 includi

406 3711 441 3753 se
462 3689 585 3753 insulae
608 3712 727 3775 parvae
751 3699 783 3753 et
800 3690 914 3754 sterilis
934 3691 1004 3775 agri
1024 3690 1185 3764 litoribus,
1212 3710 1295 3773 quae
1312 3709 1438 3770 nequa·

356 3799 388 3845 13
406 3804 504 3868 quam
527 3783 611 3848 alere
634 3795 740 3849 tantae
762 3783 851 3848 urbis
873 3785 1030 3869 populum
1050 3793 1168 3867 posset.
1217 3782 1315 3846 missa
1336 3782 1440 3866 igitur

305 3929 310 3944 ,
406 3876 572 3942 iuventute
593 3898 728 3963 propere
749 3887 783 3941 et
805 3874 961 3953 Caunios,
988 3896 1182 3961 quamquam
1207 3873 1435 3961 Cibyratarum

406 3969 584 4035 asciverant
607 3970 739 4049 auxilia,
767 3982 942 4059 coegerunt
961 3970 1095 4055 imperio
1121 3993 1248 4055 parere,
1277 3980 1309 4035 et
1326 3970 1440 4054 Myla-

407 4060 508 4123 sensis
529 4063 845 4150 Alabandensisque‚
876 4066 933 4149 qui
961 4063 1210 4129 Euromensium
1238 4064 1437 4149 provinciam

408 4152 593 4238 ademptum
611 4169 643 4223 et
659 4159 721 4244 ipsi
738 4160 907 4226 coniuncto
926 4157 1067 4226 exercitu
1084 4169 1248 4236 venerant,
1267 4159 1352 4225 eirca
1370 4156 1440 4222 Or·

408 4246 544 4313 thosiam
562 4250 630 4315 acie
647 4253 802 4321 vicerunt.
