3384 4975
314 535 359 602 28
420 546 538 603 LIBER
554 543 751 614 XXXXI,28.
770 542 928 613 XXXXII,
944 543 969 596 1.
988 544 1064 611 [aa.
1075 543 1167 598 aoso.
1178 545 1241 614 581]

316 705 398 771 niois
416 703 629 788 quadriduum
647 701 745 766 dedit.
777 700 889 785 magni
905 712 1013 765 tamen
1032 694 1132 786 [tum]
1150 703 1293 767 muneris
1312 725 1354 769 aa

318 824 444 866 summa
461 800 536 874 fuit,
558 809 594 862 ut
615 820 673 883 per
689 797 831 861 triduum
849 807 999 880 quattuor
1016 807 1048 861 et
1071 797 1276 881 septuaginta
1293 797 1355 863 ho-

319 895 420 960 mines
438 893 620 979 pugnarint.

578 1230 787 1302 [asamona
803 1229 911 1286 mam
928 1229 1094 1295 xxxam]

371 1370 419 1437 [Q.
433 1368 549 1423 Fulvius
565 1369 687 1423 Flaccus
701 1385 800 1423 censor
811 1369 947 1438 templum
964 1368 1080 1422 Iunonis
1093 1367 1228 1424 Laciniae
1245 1369 1355 1440 tegulis

318 1448 481 1504 marmoreis
490 1448 628 1518 spoliavit,
647 1453 680 1500 ut
689 1448 787 1502 aedem
797 1463 881 1517 quam
890 1447 1073 1502 dedicaverat
1082 1452 1199 1518 tegeret
1235 1447 1353 1517 tegulae

320 1545 355 1582 ex
368 1531 482 1582 senatus
496 1525 623 1580 consulto
636 1530 806 1595 reportatae.
840 1524 981 1579 Eumenes
994 1524 1081 1578 Asiae
1095 1542 1144 1578 rex
1157 1524 1186 1577 in
1201 1531 1302 1578 senatu
1315 1524 1353 1579 de

319 1604 424 1660 Perseo
437 1602 621 1658 Macedoniae
639 1620 707 1674 rege
726 1607 840 1671 questus
861 1607 916 1670 est,
936 1601 1015 1655 cuius
1032 1600 1150 1655 iniuriae
1168 1600 1198 1653 in
1215 1600 1353 1670 populum

319 1680 477 1734 Romanum
485 1679 653 1734 referuntur.
689 1678 725 1732 ob
736 1695 806 1747 quas
814 1677 892 1732 bello
903 1678 931 1732 ei
940 1677 1045 1732 indicto
1055 1677 1087 1730 P.
1097 1677 1223 1730 Licinius
1232 1676 1352 1732 Crassus

322 1756 432 1824 consul,
455 1757 500 1828 cui
517 1757 680 1809 mandatum
698 1761 772 1823 erat,
796 1755 827 1807 in
844 1754 1040 1809 Macedoniam
1057 1755 1171 1807 transiit
1187 1752 1352 1821 levibusque

322 1833 554 1903 expeditionibus,
575 1833 750 1900 equestribus
759 1832 882 1902 proeliis,
901 1831 1164 1886 inThessaliacum
1172 1830 1275 1885 Perseo
1286 1833 1352 1900 tpa-

320 1928 383 1964 rum
391 1909 482 1976 felici]
497 1915 599 1964 eventu
611 1909 757 1980 pugnavit.
792 1909 866 1963 inter
875 1908 1053 1962 Masinissam
1066 1913 1095 1963 et
1104 1906 1353 1979 Carthaginienses

323 1988 358 2042 de
369 2004 438 2060 agro
447 1987 501 2040 fuit
511 1987 580 2056 [lis]
609 1987 669 2041 dies
683 1987 724 2042 eis
734 1987 771 2041 ad
781 1987 994 2057 disceptandum
1004 2004 1021 2041 a
1030 1991 1129 2041 senatu
1144 1987 1235 2039 datus.
1263 1985 1354 2057 legati

321 2064 399 2118 missi
409 2065 446 2118 ad
455 2063 545 2119 socias
555 2065 682 2119 civitates
691 2081 828 2136 regesque
838 2064 988 2135 rogandos,
1002 2063 1071 2117 utin
1080 2062 1136 2118 fide
1145 2067 1353 2133 permanerent,

322 2142 516 2196 dubitantibus
527 2140 646 2196 Rhodis.
683 2141 800 2195 lustrum
819 2159 836 2196 a
855 2140 1016 2196 censoribus
1036 2141 1178 2195 conditum
1192 2144 1248 2209 est,
1266 2155 1354 2194 censs

322 2224 388 2274 sunt
396 2221 497 2274 civium
506 2221 601 2290 capita
610 2220 731 2274 ducenta
740 2219 889 2289 sexaginta
898 2225 1007 2289 septem
1014 2219 1093 2272 milia
1102 2219 1225 2273 ducenta
1233 2215 1354 2288 triginta

321 2315 417 2351 unum.
452 2315 497 2351 res
510 2303 659 2366 praeterea
673 2297 805 2351 adversus
819 2295 920 2350 Corsos
934 2302 964 2352 et
976 2296 1097 2366 Ligures
1108 2311 1242 2366 prospere
1255 2299 1354 2366 gestas

323 2374 471 2438 eontinet]

753 2524 920 2534 —-—...

676 2659 818 2741 uiri
845 2660 995 2740 srvi
1109 2633 1114 2639 ’

606 2800 666 2859 ΑΒ
692 2800 818 2860 VRBE
845 2798 1069 2860 CONDITA

596 3066 599 3075 .
695 2985 984 3052 Lissa'xxxxn.

291 3174 304 3219 1
389 3152 416 3217 I.
443 3152 484 3216 L.
503 3153 689 3217 Postumius
706 3153 862 3230 Albinus,
884 3152 934 3217 M.
952 3154 1109 3239 Popillius
1127 3154 1256 3217 Laenas
1279 3176 1355 3218 cum

324 3248 468 3311 omnium
485 3249 623 3333 primum
641 3249 680 3312 de
703 3249 863 3331 provincis
882 3259 914 3312 et
938 3248 1129 3314 exercitibus
1148 3249 1189 3312 ad
1206 3258 1356 3312 senatum

291 3361 306 3408 2
324 3342 528 3420 rettulissent,
546 3342 685 3427 Ligures
703 3342 830 3425 utrique
844 3342 963 3408 decreti
981 3354 1065 3418 sunt,
1084 3354 1120 3406 ut
1134 3364 1233 3406 novas
1247 3342 1356 3418 ambo,

324 3437 441 3520 quibus
460 3460 531 3501 eam
548 3435 743 3522 provinciam
756 3436 944 3513 obtinerent,
962 3437 1104 3523 legiones
1118 3472 1162 3484 —
1176 3437 1270 3501 binae
1289 3436 1356 3501 sin-
1377 3453 1378 3456 ’

325 3532 410 3617 gulis
434 3532 578 3597 decretae
595 3567 640 3578 —
657 3541 690 3596 et
716 3531 836 3597 socium
858 3532 969 3597 Latini
994 3532 1131 3597 nominis
1158 3532 1241 3596 dena
1265 3531 1357 3596 milia

324 3627 470 3711 peditum
487 3638 519 3691 et
537 3649 683 3692 sescenos
701 3627 833 3710 equites,
853 3638 885 3693 et
902 3628 1159 3713 supplementum
1177 3625 1357 3711 Hispaniae

325 3720 386 3784 tria
411 3720 500 3784 milia
525 3721 668 3805 peditum
694 3722 914 3786 Romanorum
940 3723 1114 3788 scriberent
1141 3731 1173 3786 et
1200 3721 1356 3786 ducentos

293 3830 308 3874 3
327 3815 459 3895 equites.
505 3815 546 3876 ad
564 3814 625 3879 hoc
641 3814 727 3878 mille
745 3825 777 3880 et
798 3816 965 3901 quingenti
983 3816 1105 3899 pedites
1123 3814 1261 3880 Romani
1280 3836 1356 3879 cum

327 3918 454 3970 centurn
476 3907 637 3989 equitibus
659 3908 754 3971 scribi
775 3908 870 3984 iussi,
897 3929 970 3971 curn
994 3910 1109 3990 quibus
1133 3920 1275 3995 praetor,
1302 3908 1356 3972 cui

327 3994 476 4063 Sardinia
494 4000 673 4084 obtigisset,
692 4000 726 4064 in
740 3997 905 4066 Corsicam
925 4011 1140 4085 transgressus
1158 4003 1279 4067 bellum
1297 4024 1355 4087 ge·

292 4109 310 4155 4
326 4100 423 4153 reretz
446 4092 573 4158 interim
590 4093 640 4157 M.
658 4093 777 4157 Atilius
794 4104 888 4157 vetus
910 4105 1036 4179 praetor
1057 4097 1254 4179 provinciam
1272 4097 1357 4161 obti-

327 4193 417 4247 neret
435 4182 625 4251 Sardiniam.
652 4199 812 4274 praetores
826 4186 942 4254 deinde
960 4189 1138 4273 provincias
1153 4192 1255 4255 sortiti
1269 4203 1358 4270 sunt,

293 4302 309 4348 5
328 4281 371 4344 A.
393 4278 512 4343 Atilius
532 4279 688 4347 Serranus
712 4281 882 4359 urbanam,
910 4281 950 4349 C.
969 4282 1104 4352 Cluvius
1127 4284 1251 4353 Saxula
1274 4287 1358 4353 inter
