3384 4975
504 529 620 585 anna
636 526 826 596 xxxxrm,
845 526 887 580 35.
902 527 945 580 a.
964 465 1116 594 [acro]
1260 511 1322 576 141

295 690 352 754 sed
378 689 478 752 multo
501 687 603 772 magis
626 685 667 748 ab
690 707 729 748 ea
755 683 971 758 multitudine,
999 705 1081 766 quae
1109 681 1262 768 disposita
1287 682 1322 747 in

294 782 434 847 turribus
459 781 578 855 stabat,
605 778 692 842 omni
709 800 826 862 genere
844 777 1012 841 missilium
1029 778 1164 841 telorum
1182 798 1220 840 ac
1237 777 1321 842 saxis

294 877 434 941 maxime
449 872 704 938 volnerabantur.
731 870 788 934 ubi
804 873 935 955 propius
949 871 1052 956 ripam
1066 872 1205 935 hostium
1219 870 1322 934 subis·
1341 891 1373 940 22

296 980 383 1044 sent,
415 966 581 1031 tormentis
606 966 704 1029 missa
730 965 825 1029 etiam
852 965 894 1028 ad
924 966 1053 1029 ultimos
1084 964 1321 1049 perveniebant.

297 1061 397 1124 multo
415 1060 559 1144 pluribus
577 1080 615 1122 eo
633 1058 684 1123 die
702 1059 826 1122 arnissis
844 1060 955 1122 consul
973 1059 1069 1144 paulo
1087 1059 1188 1123 serius
1205 1057 1324 1142 recepit

297 1175 383 1218 suos.
411 1153 502 1218 tertio
518 1152 568 1216 die
583 1153 702 1236 proelio
717 1152 879 1230 abstinuit,
898 1153 1067 1238 degressus
1082 1153 1124 1216 ad
1136 1152 1234 1216 imam
1251 1173 1325 1236 par·
1343 1171 1374 1218 23

299 1260 365 1312 tem
388 1258 577 1322 castrorum,
604 1245 703 1309 veluti
725 1268 783 1329 per
801 1245 959 1311 devexum
977 1246 1010 1310 in
1029 1268 1116 1310 mare
1138 1245 1323 1310 bracchium

300 1334 468 1403 transitum
482 1349 702 1423 temptaturus.
729 1338 878 1417 Perseus,
897 1340 984 1423 quod
997 1339 1030 1403 in
1044 1340 1144 1404 oculis
1158 1351 1226 1404 erat
1236 1336 1322 1425 [....]
1343 1357 1377 1405 24

362 1432 533 1497 XXXVI.
566 1431 665 1518 [....]
693 1434 768 1497 anni
798 1447 870 1518 post
901 1435 1129 1499 circumactum
1156 1433 1358 1499 solstitiuml

297 1537 375 1601 erat,
393 1526 472 1589 hora
490 1525 553 1590 diei
570 1526 691 1609 iamad
704 1527 871 1591 meridiem
884 1527 1047 1612 vergebat,
1065 1528 1126 1592 iter
1140 1528 1240 1591 multo
1253 1527 1324 1611 pul·

298 1642 372 1684 vere
396 1631 428 1684 et
449 1620 658 1684 incalescente
681 1621 747 1685 sole
769 1621 891 1685 factum
914 1632 990 1685 erat.
1035 1621 1188 1685 lassitudo
1207 1632 1239 1686 et
1257 1619 1323 1685 sitis
1342 1638 1358 1686 2

299 1716 363 1780 iam
381 1715 589 1793 sentiebatur,
613 1727 645 1780 et
662 1716 828 1781 meridiem
850 1727 973 1782 aestum
990 1717 1094 1801 magis
1113 1716 1324 1781 adcensurum

297 1832 373 1873 mox
390 1810 574 1894 adparebat.
603 1811 713 1874 statuit
729 1810 775 1874 sic
793 1810 935 1875 adfectos
953 1810 1072 1876 recenti
1087 1821 1182 1894 atque
1199 1809 1323 1894 integro

298 1903 382 1966 hosti
399 1926 464 1967 non
478 1905 618 1980 obicere3
636 1905 694 1969 sed
710 1915 817 1969 tantus
831 1905 926 1968 ardor
942 1905 975 1968 in
987 1904 1100 1969 animis
1115 1905 1157 1968 ad
1171 1903 1324 1968 dimicari·
1343 1920 1358 1966 3

298 1998 377 2059 dum
394 2008 567 2080 utcumque
586 2008 668 2072 erat,
691 2008 727 2060 ut
744 1999 866 2062 consuli
883 2020 947 2063 non
968 1999 1089 2062 minore
1108 1997 1174 2060 arte
1192 1997 1234 2060 ad
1251 2017 1325 2061 suos

298 2090 473 2173 eludendos
495 2110 593 2171 quam
611 2090 653 2153 ad
669 2089 768 2154 hostis
787 2112 868 2175 opus
887 2101 979 2154 esset.
1014 2089 1157 2154 nondum
1176 2088 1322 2152 omnibus
1344 2107 1360 2152 4

299 2183 461 2247 instructis
487 2183 626 2248 instabat
652 2183 787 2248 tribunis
813 2184 968 2260 militum,
994 2195 1031 2247 ut
1058 2193 1254 2246 maturarent
1279 2182 1328 2244 in-

299 2290 432 2355 struere,
451 2278 637 2343 circumibat
649 2279 717 2364 ipse
732 2279 869 2355 ordines,
888 2278 1009 2349 animos
1022 2277 1158 2340 militum
1171 2275 1327 2339 hortando

301 2372 337 2435 in
353 2394 496 2457 pugnam
514 2372 717 2437 accendebat.
749 2373 795 2437 ibi
813 2373 915 2458 primo
934 2373 1054 2436 alacres
1072 2370 1199 2455 signum
1216 2390 1328 2454 posce-
1346 2384 1361 2430 5

300 2465 393 2541 bant3
411 2466 535 2542 deinde,
554 2477 709 2549 quantum
723 2467 911 2532 incresceret
927 2476 1044 2542 aestus,
1059 2474 1090 2531 et
1104 2465 1209 2530 voltus
1223 2462 1328 2527 minus

300 2559 445 2643 vigentes
464 2570 496 2623 et
512 2582 607 2623 voces
625 2561 786 2645 segniores
805 2572 895 2625 erant
909 2572 941 2625 et
954 2561 1085 2645 quidam
1107 2557 1327 2623 incumbentes

295 2652 399 2716 scutis
416 2652 545 2736 nixique
562 2653 634 2737 pilis
653 2655 789 2717 stabant.
816 2672 886 2718 tum
902 2656 968 2720 iam
991 2666 1098 2739 aperte
1115 2653 1224 2737 primis
1244 2651 1328 2714 ordi·
1347 2670 1360 2717 6

299 2746 394 2810 nibus
415 2746 554 2831 inperat,
576 2758 770 2811 metarentur
791 2748 929 2813 frontem
953 2761 1129 2812 castrorum
1151 2757 1184 2810 et
1204 2744 1326 2830 inpedi-

300 2853 409 2905 menta
431 2841 667 2906 constituerent.
713 2844 800 2925 quod
817 2843 874 2908 ubi
890 2842 959 2908 fieri
976 2842 1090 2906 milites
1110 2863 1252 2916 sensere,
1274 2839 1327 2903 alii
1346 2859 1360 2905 t

300 2936 441 3020 gaudere
464 2936 586 3021 palam,
613 2936 700 3019 quod
722 2937 824 3002 fessos
851 2937 922 3002 viae
948 2936 1056 3001 labore
1082 2935 1325 3021 flagrantissimo

300 3044 392 3095 aestu
413 3054 478 3095 non
500 3031 656 3117 coegisset
677 3055 832 3118 pugnare.
876 3032 975 3119 legati
998 3033 1081 3096 circa
1101 3032 1325 3116 imperatorem
1344 3051 1359 3097 8

300 3126 462 3209 ducesque
479 3126 601 3190 externi
618 3137 718 3203 erant,
735 3128 818 3191 inter
835 3148 915 3210 quos
935 3139 967 3192 et
984 3126 1123 3202 Attalus,
1142 3147 1251 3190 omnes
1270 3124 1331 3188 ad-·
1433 3182 1436 3187 .

301 3219 482 3301 probantes,
501 3243 574 3284 cum
588 3233 805 3305 pugnaturum
815 3223 978 3286 consulem
992 3219 1326 3300 credebant—neque

302 3312 388 3375 enim
401 3335 442 3377 ne
455 3313 504 3377 his
514 3312 675 3399 [quidem]
691 3315 924 3380 cunctationem
940 3325 1108 3400 aperuerat
1126 3335 1231 3387 suam3
1250 3322 1326 3376 tunc
1345 3329 1358 3374 9

301 3408 476 3471 mutatione
490 3408 612 3471 consilii
629 3408 734 3471 subita
747 3431 821 3473 cum
835 3411 888 3473 alii
904 3410 1040 3483 silerent,
1058 3407 1177 3471 Nasica
1190 3427 1272 3468 unus
1288 3428 1327 3469 ex

303 3499 450 3562 omnibus
469 3522 565 3563 ausus
583 3512 631 3563 est
647 3521 775 3565 monere
794 3501 966 3574 consulem,
984 3523 1024 3563 ne
1042 3500 1166 3562 hostem
1183 3498 1328 3561 ludifica-

304 3603 373 3655 tum
386 3594 506 3676 priores
518 3594 723 3677 imperatores
738 3594 892 3679 fugiendo
906 3605 1066 3658 certamen
1078 3591 1226 3655 manibus
1237 3590 1327 3654 emit·

302 3696 397 3749 teret:
416 3686 517 3749 vereri
530 3708 571 3749 ne
581 3684 637 3771 [si]
648 3697 742 3750 nocte
751 3688 855 3763 abeat,
871 3686 1051 3769 sequendus
1064 3685 1204 3749 maximo
1218 3684 1326 3748 labore
1347 3703 1378 3749 ro

303 3802 343 3844 ac
368 3779 508 3864 periculo
534 3780 568 3843 in
592 3779 704 3843 intima
729 3781 940 3846 Macedoniae
966 3780 1006 3844 sit
1032 3791 1215 3862 aestasque,
1246 3777 1328 3841 sicut

302 3873 461 3959 prioribus
484 3873 634 3950 ducibus,
660 3897 718 3958 per
740 3875 836 3939 calles
859 3876 1021 3957 saltusque
1043 3873 1326 3938 Macedonicorum

303 3968 460 4032 montium
474 3968 625 4054 'vagando
644 3969 887 4054 circumagatur.
919 3992 953 4034 se
971 3989 1164 4054 magnopere
1182 3966 1325 4042 suadere,
1347 3986 1376 4032 11

304 4061 381 4125 dum
404 4061 438 4125 in
460 4084 572 4147 campo
593 4064 715 4147 patenti
738 4064 862 4128 hostem
885 4062 1015 4140 habeat,
1043 4061 1247 4147 adgrediatur
1267 4082 1327 4125 nec

295 4156 444 4221 oblatam
461 4158 660 4223 occasionem
677 4158 824 4223 vincendi
842 4158 974 4222 amittat.
1002 4157 1112 4222 consul
1129 4156 1208 4221 nihil
1225 4155 1326 4221 offen·
1346 4175 1376 4220 12

305 4271 359 4314 sus
385 4251 486 4318 libera
512 4253 725 4318 admonitione
751 4265 817 4317 tam
840 4252 916 4317 clari
943 4251 1153 4317 adulescentis
1181 4257 1228 4317 ‘et
1252 4251 1325 4334 ego’
