<?xml version="1.0" encoding="UTF-8"?>
<!DOCTYPE html PUBLIC "-//W3C//DTD XHTML 1.0 Transitional//EN"
    "http://www.w3.org/TR/xhtml1/DTD/xhtml1-transitional.dtd">
<html xmlns="http://www.w3.org/1999/xhtml" xml:lang="en" lang="en">
 <head>
  <title>
</title>
<meta http-equiv="Content-Type" content="text/html;charset=utf-8" />
  <meta name='ocr-system' content='tesseract 3.04.00' />
  <meta name='ocr-capabilities' content='ocr_page ocr_carea ocr_par ocr_line ocrx_word'/>
</head>
<body>
  <div class='ocr_page' id='page_1' title='image "./titiliviaburbec04livygoog_0081.png"; bbox 0 0 3384 4975; ppageno 0'>
   <div class='ocr_carea' id='block_1_1' title="bbox 490 488 1324 584">
    <p class='ocr_par' dir='ltr' id='par_1_1' title="bbox 490 488 1324 584">
     <span class='ocr_line' id='line_1_1' title="bbox 490 488 1324 584; baseline -0.001 -13"><span class='ocrx_word' id='word_1_1' title='bbox 490 514 609 571; x_wconf 79' lang='lat' dir='ltr'>uranu</span> <span class='ocrx_word' id='word_1_2' title='bbox 624 488 1125 584; x_wconf 77' lang='lat' dir='ltr'>xxxx1,ao.a&#39;1.[ac.1rauq</span> <span class='ocrx_word' id='word_1_3' title='bbox 1246 526 1254 532; x_wconf 93' lang='lat'>·</span> <span class='ocrx_word' id='word_1_4' title='bbox 1281 504 1324 570; x_wconf 83' lang='lat'>19</span> 
     </span>
    </p>
   </div>
   <div class='ocr_carea' id='block_1_2' title="bbox 278 669 1384 4211">
    <p class='ocr_par' dir='ltr' id='par_1_2' title="bbox 278 669 1376 2259">
     <span class='ocr_line' id='line_1_2' title="bbox 278 669 1356 760; baseline 0.004 -21"><span class='ocrx_word' id='word_1_5' title='bbox 278 738 280 742; x_wconf 41' lang='lat'>,</span> <span class='ocrx_word' id='word_1_6' title='bbox 297 674 391 738; x_wconf 84' lang='lat' dir='ltr'><strong>dedit.</strong></span> <span class='ocrx_word' id='word_1_7' title='bbox 427 670 682 759; x_wconf 86' lang='lat' dir='ltr'>magnificentiae</span> <span class='ocrx_word' id='word_1_8' title='bbox 696 669 820 734; x_wconf 90' lang='lat' dir='ltr'>veroin</span> <span class='ocrx_word' id='word_1_9' title='bbox 835 670 912 733; x_wconf 92' lang='lat' dir='ltr'>deos</span> <span class='ocrx_word' id='word_1_10' title='bbox 929 670 981 734; x_wconf 91' lang='lat' dir='ltr'>vel</span> <span class='ocrx_word' id='word_1_11' title='bbox 994 670 1080 734; x_wconf 89' lang='lat' dir='ltr'>Iovis</span> <span class='ocrx_word' id='word_1_12' title='bbox 1091 669 1225 760; x_wconf 84' lang='lat' dir='ltr'>Olympi</span> <span class='ocrx_word' id='word_1_13' title='bbox 1242 683 1323 740; x_wconf 87' lang='lat' dir='ltr'>tem·</span> <span class='ocrx_word' id='word_1_14' title='bbox 1341 696 1356 744; x_wconf 81' lang='lat'>8</span> 
     </span>
     <span class='ocr_line' id='line_1_3' title="bbox 295 762 1323 854; baseline 0.003 -23"><span class='ocrx_word' id='word_1_15' title='bbox 295 769 383 854; x_wconf 91' lang='lat' dir='ltr'>plum</span> <span class='ocrx_word' id='word_1_16' title='bbox 394 765 543 842; x_wconf 82' lang='lat' dir='ltr'>Athenis,</span> <span class='ocrx_word' id='word_1_17' title='bbox 561 784 663 829; x_wconf 92' lang='lat' dir='ltr'>unum</span> <span class='ocrx_word' id='word_1_18' title='bbox 677 763 711 826; x_wconf 91' lang='lat' dir='ltr'>in</span> <span class='ocrx_word' id='word_1_19' title='bbox 724 763 815 828; x_wconf 89' lang='lat' dir='ltr'>terris</span> <span class='ocrx_word' id='word_1_20' title='bbox 832 762 1017 828; x_wconf 89' lang='lat' dir='ltr'>incohatum</span> <span class='ocrx_word' id='word_1_21' title='bbox 1033 787 1091 851; x_wconf 92' lang='lat' dir='ltr'>pro</span> <span class='ocrx_word' id='word_1_22' title='bbox 1105 768 1323 853; x_wconf 80' lang='lat' dir='ltr'>magnitudine</span> 
     </span>
     <span class='ocr_line' id='line_1_4' title="bbox 295 854 1356 948; baseline 0.003 -22"><span class='ocrx_word' id='word_1_23' title='bbox 295 863 362 938; x_wconf 91' lang='lat' dir='ltr'>dei,</span> <span class='ocrx_word' id='word_1_24' title='bbox 390 870 496 946; x_wconf 91' lang='lat' dir='ltr'>potest</span> <span class='ocrx_word' id='word_1_25' title='bbox 522 854 644 944; x_wconf 89' lang='lat' dir='ltr'>[testis]</span> <span class='ocrx_word' id='word_1_26' title='bbox 674 877 759 932; x_wconf 83' lang='lat' dir='ltr'>esse3</span> <span class='ocrx_word' id='word_1_27' title='bbox 785 856 843 921; x_wconf 90' lang='lat' dir='ltr'>sed</span> <span class='ocrx_word' id='word_1_28' title='bbox 870 867 900 921; x_wconf 88' lang='lat' dir='ltr'>et</span> <span class='ocrx_word' id='word_1_29' title='bbox 922 856 1030 921; x_wconf 92' lang='lat' dir='ltr'>Delon</span> <span class='ocrx_word' id='word_1_30' title='bbox 1056 859 1117 923; x_wconf 88' lang='lat' dir='ltr'>aris</span> <span class='ocrx_word' id='word_1_31' title='bbox 1145 861 1356 948; x_wconf 79' lang='lat' dir='ltr'>insignibusa</span> 
     </span>
     <span class='ocr_line' id='line_1_5' title="bbox 296 950 1324 1043; baseline 0.003 -24"><span class='ocrx_word' id='word_1_32' title='bbox 296 964 539 1034; x_wconf 79' lang='lat' dir='ltr'>statuarumque</span> <span class='ocrx_word' id='word_1_33' title='bbox 557 951 649 1035; x_wconf 90' lang='lat' dir='ltr'>copia</span> <span class='ocrx_word' id='word_1_34' title='bbox 667 951 846 1028; x_wconf 83' lang='lat' dir='ltr'>exornavit,</span> <span class='ocrx_word' id='word_1_35' title='bbox 865 961 897 1016; x_wconf 92' lang='lat' dir='ltr'>et</span> <span class='ocrx_word' id='word_1_36' title='bbox 913 950 1103 1018; x_wconf 87' lang='lat' dir='ltr'>Antiochiae</span> <span class='ocrx_word' id='word_1_37' title='bbox 1121 955 1207 1019; x_wconf 90' lang='lat' dir='ltr'>Iovis</span> <span class='ocrx_word' id='word_1_38' title='bbox 1226 954 1324 1043; x_wconf 84' lang='lat' dir='ltr'>Capi-</span> 
     </span>
     <span class='ocr_line' id='line_1_6' title="bbox 296 1044 1322 1130; baseline 0.003 -17"><span class='ocrx_word' id='word_1_39' title='bbox 296 1047 388 1113; x_wconf 91' lang='lat' dir='ltr'>tolini</span> <span class='ocrx_word' id='word_1_40' title='bbox 405 1045 610 1130; x_wconf 83' lang='lat' dir='ltr'>magnificum</span> <span class='ocrx_word' id='word_1_41' title='bbox 628 1044 792 1129; x_wconf 86' lang='lat' dir='ltr'>templum,</span> <span class='ocrx_word' id='word_1_42' title='bbox 809 1068 875 1110; x_wconf 92' lang='lat' dir='ltr'>non</span> <span class='ocrx_word' id='word_1_43' title='bbox 891 1046 1076 1129; x_wconf 89' lang='lat' dir='ltr'>laqueatum</span> <span class='ocrx_word' id='word_1_44' title='bbox 1093 1071 1170 1113; x_wconf 92' lang='lat' dir='ltr'>auro</span> <span class='ocrx_word' id='word_1_45' title='bbox 1188 1061 1322 1130; x_wconf 88' lang='lat' dir='ltr'>tantum,</span> 
     </span>
     <span class='ocr_line' id='line_1_7' title="bbox 299 1138 1325 1226; baseline 0.004 -21"><span class='ocrx_word' id='word_1_46' title='bbox 299 1141 356 1205; x_wconf 90' lang='lat' dir='ltr'>sed</span> <span class='ocrx_word' id='word_1_47' title='bbox 372 1139 546 1226; x_wconf 90' lang='lat' dir='ltr'>parietibus</span> <span class='ocrx_word' id='word_1_48' title='bbox 563 1139 636 1202; x_wconf 87' lang='lat' dir='ltr'>totis</span> <span class='ocrx_word' id='word_1_49' title='bbox 653 1138 806 1203; x_wconf 89' lang='lat' dir='ltr'>lammina</span> <span class='ocrx_word' id='word_1_50' title='bbox 823 1139 1022 1216; x_wconf 90' lang='lat' dir='ltr'>inauratum,</span> <span class='ocrx_word' id='word_1_51' title='bbox 1046 1150 1077 1205; x_wconf 93' lang='lat' dir='ltr'>et</span> <span class='ocrx_word' id='word_1_52' title='bbox 1095 1141 1158 1204; x_wconf 88' lang='lat' dir='ltr'>alia</span> <span class='ocrx_word' id='word_1_53' title='bbox 1174 1144 1274 1209; x_wconf 90' lang='lat' dir='ltr'>multa</span> <span class='ocrx_word' id='word_1_54' title='bbox 1291 1145 1325 1208; x_wconf 91' lang='lat' dir='ltr'>in</span> 
     </span>
     <span class='ocr_line' id='line_1_8' title="bbox 299 1233 1324 1321; baseline 0.001 -22"><span class='ocrx_word' id='word_1_55' title='bbox 299 1234 367 1299; x_wconf 88' lang='lat' dir='ltr'>aliis</span> <span class='ocrx_word' id='word_1_56' title='bbox 380 1234 458 1298; x_wconf 88' lang='lat' dir='ltr'>locis</span> <span class='ocrx_word' id='word_1_57' title='bbox 476 1233 644 1318; x_wconf 91' lang='lat' dir='ltr'>pollicitus,</span> <span class='ocrx_word' id='word_1_58' title='bbox 662 1233 738 1318; x_wconf 90' lang='lat' dir='ltr'>quia</span> <span class='ocrx_word' id='word_1_59' title='bbox 754 1233 909 1319; x_wconf 87' lang='lat' dir='ltr'>perbreve</span> <span class='ocrx_word' id='word_1_60' title='bbox 924 1244 1049 1321; x_wconf 88' lang='lat' dir='ltr'>tempus</span> <span class='ocrx_word' id='word_1_61' title='bbox 1065 1235 1157 1321; x_wconf 86' lang='lat' dir='ltr'>regni</span> <span class='ocrx_word' id='word_1_62' title='bbox 1172 1236 1239 1300; x_wconf 85' lang='lat' dir='ltr'>eius</span> <span class='ocrx_word' id='word_1_63' title='bbox 1254 1235 1324 1312; x_wconf 88' lang='lat' dir='ltr'>fuit,</span> 
     </span>
     <span class='ocr_line' id='line_1_9' title="bbox 297 1327 1376 1416; baseline 0 -24"><span class='ocrx_word' id='word_1_64' title='bbox 297 1351 362 1392; x_wconf 92' lang='lat' dir='ltr'>non</span> <span class='ocrx_word' id='word_1_65' title='bbox 382 1327 526 1413; x_wconf 81' lang='lat' dir='ltr'>perfecit.</span> <span class='ocrx_word' id='word_1_66' title='bbox 571 1329 825 1413; x_wconf 80' lang='lat' dir='ltr'>spectaculorum</span> <span class='ocrx_word' id='word_1_67' title='bbox 842 1349 970 1412; x_wconf 93' lang='lat' dir='ltr'>quoque</span> <span class='ocrx_word' id='word_1_68' title='bbox 988 1329 1090 1394; x_wconf 91' lang='lat' dir='ltr'>omnis</span> <span class='ocrx_word' id='word_1_69' title='bbox 1112 1330 1239 1416; x_wconf 89' lang='lat' dir='ltr'>generis</span> <span class='ocrx_word' id='word_1_70' title='bbox 1257 1353 1325 1395; x_wconf 91' lang='lat' dir='ltr'>ma·</span> <span class='ocrx_word' id='word_1_71' title='bbox 1345 1347 1376 1393; x_wconf 91' lang='lat'>10</span> 
     </span>
     <span class='ocr_line' id='line_1_10' title="bbox 297 1420 1325 1508; baseline 0.003 -22"><span class='ocrx_word' id='word_1_72' title='bbox 297 1420 480 1508; x_wconf 82' lang='lat' dir='ltr'>gnificentia</span> <span class='ocrx_word' id='word_1_73' title='bbox 497 1422 675 1507; x_wconf 79' lang='lat' dir='ltr'>superiores</span> <span class='ocrx_word' id='word_1_74' title='bbox 688 1444 780 1508; x_wconf 89' lang='lat' dir='ltr'>reges</span> <span class='ocrx_word' id='word_1_75' title='bbox 795 1421 881 1499; x_wconf 89' lang='lat' dir='ltr'>vicit,</span> <span class='ocrx_word' id='word_1_76' title='bbox 899 1423 1095 1507; x_wconf 90' lang='lat' dir='ltr'>reliquorum</span> <span class='ocrx_word' id='word_1_77' title='bbox 1114 1425 1163 1489; x_wconf 90' lang='lat' dir='ltr'>sui</span> <span class='ocrx_word' id='word_1_78' title='bbox 1181 1425 1278 1489; x_wconf 91' lang='lat' dir='ltr'>rnoris</span> <span class='ocrx_word' id='word_1_79' title='bbox 1293 1435 1325 1489; x_wconf 91' lang='lat' dir='ltr'>et</span> 
     </span>
     <span class='ocr_line' id='line_1_11' title="bbox 297 1512 1375 1602; baseline 0 -22"><span class='ocrx_word' id='word_1_80' title='bbox 297 1514 389 1602; x_wconf 88' lang='lat' dir='ltr'>copia</span> <span class='ocrx_word' id='word_1_81' title='bbox 398 1512 596 1582; x_wconf 86' lang='lat' dir='ltr'>Graecorum</span> <span class='ocrx_word' id='word_1_82' title='bbox 614 1515 784 1592; x_wconf 85' lang='lat' dir='ltr'>artificum3</span> <span class='ocrx_word' id='word_1_83' title='bbox 802 1515 1016 1601; x_wconf 83' lang='lat' dir='ltr'>gladiatorum</span> <span class='ocrx_word' id='word_1_84' title='bbox 1033 1541 1149 1582; x_wconf 91' lang='lat' dir='ltr'>munus</span> <span class='ocrx_word' id='word_1_85' title='bbox 1159 1518 1324 1583; x_wconf 89' lang='lat' dir='ltr'>Romanae</span> <span class='ocrx_word' id='word_1_86' title='bbox 1345 1535 1375 1581; x_wconf 89' lang='lat'>11</span> 
     </span>
     <span class='ocr_line' id='line_1_12' title="bbox 298 1610 1325 1696; baseline 0.003 -22"><span class='ocrx_word' id='word_1_87' title='bbox 298 1610 533 1675; x_wconf 83' lang='lat' dir='ltr'>consuetudinis</span> <span class='ocrx_word' id='word_1_88' title='bbox 551 1611 654 1696; x_wconf 90' lang='lat' dir='ltr'>primo</span> <span class='ocrx_word' id='word_1_89' title='bbox 668 1611 787 1674; x_wconf 90' lang='lat' dir='ltr'>maiore</span> <span class='ocrx_word' id='word_1_90' title='bbox 803 1633 878 1674; x_wconf 92' lang='lat' dir='ltr'>cum</span> <span class='ocrx_word' id='word_1_91' title='bbox 890 1621 1009 1677; x_wconf 91' lang='lat' dir='ltr'>terrore</span> <span class='ocrx_word' id='word_1_92' title='bbox 1025 1611 1200 1690; x_wconf 90' lang='lat' dir='ltr'>hominum,</span> <span class='ocrx_word' id='word_1_93' title='bbox 1219 1613 1325 1678; x_wconf 91' lang='lat' dir='ltr'>insue-</span> 
     </span>
     <span class='ocr_line' id='line_1_13' title="bbox 297 1704 1375 1792; baseline -0.002 -24"><span class='ocrx_word' id='word_1_94' title='bbox 297 1717 402 1768; x_wconf 87' lang='lat' dir='ltr'>torum</span> <span class='ocrx_word' id='word_1_95' title='bbox 416 1704 459 1768; x_wconf 90' lang='lat' dir='ltr'>ad</span> <span class='ocrx_word' id='word_1_96' title='bbox 476 1704 539 1770; x_wconf 86' lang='lat' dir='ltr'>tale</span> <span class='ocrx_word' id='word_1_97' title='bbox 553 1705 781 1791; x_wconf 85' lang='lat' dir='ltr'>spectaculum,</span> <span class='ocrx_word' id='word_1_98' title='bbox 800 1725 898 1790; x_wconf 91' lang='lat' dir='ltr'>quam</span> <span class='ocrx_word' id='word_1_99' title='bbox 910 1705 1073 1792; x_wconf 89' lang='lat' dir='ltr'>voluptate</span> <span class='ocrx_word' id='word_1_100' title='bbox 1089 1705 1190 1787; x_wconf 92' lang='lat' dir='ltr'>dedit;</span> <span class='ocrx_word' id='word_1_101' title='bbox 1209 1705 1324 1772; x_wconf 90' lang='lat' dir='ltr'>deinde</span> <span class='ocrx_word' id='word_1_102' title='bbox 1345 1723 1375 1768; x_wconf 81' lang='lat'>12</span> 
     </span>
     <span class='ocr_line' id='line_1_14' title="bbox 298 1798 1324 1884; baseline 0.002 -21"><span class='ocrx_word' id='word_1_103' title='bbox 298 1799 424 1884; x_wconf 89' lang='lat' dir='ltr'>saepius</span> <span class='ocrx_word' id='word_1_104' title='bbox 451 1799 573 1875; x_wconf 87' lang='lat' dir='ltr'>dando,</span> <span class='ocrx_word' id='word_1_105' title='bbox 604 1809 637 1864; x_wconf 86' lang='lat' dir='ltr'>et</span> <span class='ocrx_word' id='word_1_106' title='bbox 666 1798 762 1862; x_wconf 93' lang='lat' dir='ltr'>modo</span> <span class='ocrx_word' id='word_1_107' title='bbox 788 1798 971 1864; x_wconf 88' lang='lat' dir='ltr'>volneribus</span> <span class='ocrx_word' id='word_1_108' title='bbox 998 1810 1106 1877; x_wconf 92' lang='lat' dir='ltr'>tenus,</span> <span class='ocrx_word' id='word_1_109' title='bbox 1133 1800 1229 1864; x_wconf 91' lang='lat' dir='ltr'>modo</span> <span class='ocrx_word' id='word_1_110' title='bbox 1256 1800 1324 1865; x_wconf 89' lang='lat' dir='ltr'>sine</span> 
     </span>
     <span class='ocr_line' id='line_1_15' title="bbox 297 1891 1324 1980; baseline 0.002 -24"><span class='ocrx_word' id='word_1_111' title='bbox 297 1891 446 1957; x_wconf 89' lang='lat' dir='ltr'>missione</span> <span class='ocrx_word' id='word_1_112' title='bbox 465 1892 575 1969; x_wconf 90' lang='lat' dir='ltr'>etiam,</span> <span class='ocrx_word' id='word_1_113' title='bbox 594 1903 626 1957; x_wconf 91' lang='lat' dir='ltr'>et</span> <span class='ocrx_word' id='word_1_114' title='bbox 641 1891 799 1957; x_wconf 86' lang='lat' dir='ltr'>familiare</span> <span class='ocrx_word' id='word_1_115' title='bbox 817 1893 918 1957; x_wconf 92' lang='lat' dir='ltr'>oculis</span> <span class='ocrx_word' id='word_1_116' title='bbox 935 1903 1127 1978; x_wconf 85' lang='lat' dir='ltr'>gratumque</span> <span class='ocrx_word' id='word_1_117' title='bbox 1150 1894 1184 1957; x_wconf 93' lang='lat' dir='ltr'>id</span> <span class='ocrx_word' id='word_1_118' title='bbox 1201 1903 1324 1980; x_wconf 86' lang='lat' dir='ltr'>specta-</span> 
     </span>
     <span class='ocr_line' id='line_1_16' title="bbox 298 1984 1325 2071; baseline 0.001 -20"><span class='ocrx_word' id='word_1_119' title='bbox 298 1984 405 2051; x_wconf 84' lang='lat' dir='ltr'>culum</span> <span class='ocrx_word' id='word_1_120' title='bbox 422 1984 513 2062; x_wconf 88' lang='lat' dir='ltr'>fecit,</span> <span class='ocrx_word' id='word_1_121' title='bbox 536 1998 569 2050; x_wconf 90' lang='lat' dir='ltr'>et</span> <span class='ocrx_word' id='word_1_122' title='bbox 586 2008 747 2050; x_wconf 91' lang='lat' dir='ltr'>armorum</span> <span class='ocrx_word' id='word_1_123' title='bbox 765 1987 907 2050; x_wconf 91' lang='lat' dir='ltr'>studium</span> <span class='ocrx_word' id='word_1_124' title='bbox 924 1987 1084 2071; x_wconf 90' lang='lat' dir='ltr'>plerisque</span> <span class='ocrx_word' id='word_1_125' title='bbox 1102 1987 1254 2052; x_wconf 90' lang='lat' dir='ltr'>iuvenum</span> <span class='ocrx_word' id='word_1_126' title='bbox 1271 2009 1325 2052; x_wconf 89' lang='lat' dir='ltr'>ac-</span> 
     </span>
     <span class='ocr_line' id='line_1_17' title="bbox 298 2078 1375 2166; baseline -0.002 -23"><span class='ocrx_word' id='word_1_127' title='bbox 298 2080 414 2144; x_wconf 89' lang='lat' dir='ltr'>cendit.</span> <span class='ocrx_word' id='word_1_128' title='bbox 441 2078 548 2162; x_wconf 85' lang='lat' dir='ltr'>itaque</span> <span class='ocrx_word' id='word_1_129' title='bbox 565 2078 669 2164; x_wconf 88' lang='lat' dir='ltr'>primo</span> <span class='ocrx_word' id='word_1_130' title='bbox 687 2080 742 2163; x_wconf 90' lang='lat' dir='ltr'>qui</span> <span class='ocrx_word' id='word_1_131' title='bbox 760 2080 801 2142; x_wconf 93' lang='lat' dir='ltr'>ab</span> <span class='ocrx_word' id='word_1_132' title='bbox 815 2080 921 2144; x_wconf 85' lang='lat' dir='ltr'>Roma</span> <span class='ocrx_word' id='word_1_133' title='bbox 938 2081 1063 2164; x_wconf 88' lang='lat' dir='ltr'>magnis</span> <span class='ocrx_word' id='word_1_134' title='bbox 1081 2083 1178 2166; x_wconf 91' lang='lat' dir='ltr'>pretis</span> <span class='ocrx_word' id='word_1_135' title='bbox 1197 2092 1324 2166; x_wconf 89' lang='lat' dir='ltr'>paratos</span> <span class='ocrx_word' id='word_1_136' title='bbox 1344 2096 1375 2142; x_wconf 84' lang='lat'>13</span> 
     </span>
     <span class='ocr_line' id='line_1_18' title="bbox 298 2172 1052 2259; baseline 0.001 -23"><span class='ocrx_word' id='word_1_137' title='bbox 298 2173 490 2259; x_wconf 81' lang='lat' dir='ltr'>gladiatores</span> <span class='ocrx_word' id='word_1_138' title='bbox 509 2194 668 2239; x_wconf 87' lang='lat' dir='ltr'>arcessere</span> <span class='ocrx_word' id='word_1_139' title='bbox 686 2172 797 2237; x_wconf 91' lang='lat' dir='ltr'>solitus</span> <span class='ocrx_word' id='word_1_140' title='bbox 815 2184 893 2250; x_wconf 91' lang='lat' dir='ltr'>erat,</span> <span class='ocrx_word' id='word_1_141' title='bbox 911 2174 974 2237; x_wconf 86' lang='lat' dir='ltr'>iam</span> <span class='ocrx_word' id='word_1_142' title='bbox 993 2196 1052 2237; x_wconf 89' lang='lat' dir='ltr'>suo</span> 
     </span>
    </p>

    <p class='ocr_par' dir='ltr' id='par_1_3' title="bbox 298 2276 1384 4211">
     <span class='ocr_line' id='line_1_19' title="bbox 659 2276 971 2312; baseline -0.003 0"><span class='ocrx_word' id='word_1_143' title='bbox 659 2277 677 2312; x_wconf 52' lang='grc' dir='ltr'><strong><em>ἢ</em></strong></span> <span class='ocrx_word' id='word_1_144' title='bbox 805 2276 823 2311; x_wconf 57' lang='lat' dir='ltr'><strong>ff</strong></span> <span class='ocrx_word' id='word_1_145' title='bbox 953 2276 971 2311; x_wconf 53' lang='grc' dir='ltr'>ἦ</span> 
     </span>
     <span class='ocr_line' id='line_1_20' title="bbox 362 2357 1384 2448; baseline 0.001 -25"><span class='ocrx_word' id='word_1_146' title='bbox 362 2360 463 2424; x_wconf 90' lang='lat' dir='ltr'><strong>XXI.</strong></span> <span class='ocrx_word' id='word_1_147' title='bbox 492 2357 634 2446; x_wconf 89' lang='lat' dir='ltr'>[Sci]pio</span> <span class='ocrx_word' id='word_1_148' title='bbox 657 2362 740 2427; x_wconf 92' lang='lat' dir='ltr'>inter</span> <span class='ocrx_word' id='word_1_149' title='bbox 761 2361 956 2448; x_wconf 86' lang='lat' dir='ltr'>peregrinos.</span> <span class='ocrx_word' id='word_1_150' title='bbox 1001 2361 1050 2425; x_wconf 91' lang='lat' dir='ltr'>M.</span> <span class='ocrx_word' id='word_1_151' title='bbox 1068 2361 1170 2425; x_wconf 91' lang='lat' dir='ltr'>Atilio</span> <span class='ocrx_word' id='word_1_152' title='bbox 1187 2361 1384 2446; x_wconf 69' lang='lat' dir='ltr'>praetoriae</span> 
     </span>
     <span class='ocr_line' id='line_1_21' title="bbox 298 2453 1324 2542; baseline 0.005 -24"><span class='ocrx_word' id='word_1_153' title='bbox 298 2455 462 2540; x_wconf 87' lang='lat' dir='ltr'>provincia</span> <span class='ocrx_word' id='word_1_154' title='bbox 489 2453 639 2521; x_wconf 86' lang='lat' dir='ltr'>Sardinia</span> <span class='ocrx_word' id='word_1_155' title='bbox 665 2456 852 2534; x_wconf 85' lang='lat' dir='ltr'>obvenerat3</span> <span class='ocrx_word' id='word_1_156' title='bbox 885 2457 942 2523; x_wconf 91' lang='lat' dir='ltr'>sed</span> <span class='ocrx_word' id='word_1_157' title='bbox 967 2478 1041 2522; x_wconf 90' lang='lat' dir='ltr'>cum</span> <span class='ocrx_word' id='word_1_158' title='bbox 1071 2456 1198 2542; x_wconf 84' lang='lat' dir='ltr'>legione</span> <span class='ocrx_word' id='word_1_159' title='bbox 1229 2479 1324 2536; x_wconf 86' lang='lat' dir='ltr'>nova,</span> 
     </span>
     <span class='ocr_line' id='line_1_22' title="bbox 299 2549 1324 2636; baseline 0.003 -25"><span class='ocrx_word' id='word_1_160' title='bbox 299 2569 397 2631; x_wconf 91' lang='lat' dir='ltr'>quam</span> <span class='ocrx_word' id='word_1_161' title='bbox 415 2549 560 2613; x_wconf 80' lang='lat' dir='ltr'>consides</span> <span class='ocrx_word' id='word_1_162' title='bbox 579 2552 845 2635; x_wconf 79' lang='lat' dir='ltr'>conscripserant,</span> <span class='ocrx_word' id='word_1_163' title='bbox 864 2551 1004 2635; x_wconf 91' lang='lat' dir='ltr'>quinque</span> <span class='ocrx_word' id='word_1_164' title='bbox 1021 2551 1150 2615; x_wconf 91' lang='lat' dir='ltr'>milibus</span> <span class='ocrx_word' id='word_1_165' title='bbox 1168 2550 1324 2636; x_wconf 90' lang='lat' dir='ltr'>peditum,</span> 
     </span>
     <span class='ocr_line' id='line_1_23' title="bbox 299 2642 1326 2725; baseline -0.002 -18"><span class='ocrx_word' id='word_1_166' title='bbox 299 2642 448 2707; x_wconf 87' lang='lat' dir='ltr'>trecentis</span> <span class='ocrx_word' id='word_1_167' title='bbox 466 2642 636 2725; x_wconf 88' lang='lat' dir='ltr'>equitibus,</span> <span class='ocrx_word' id='word_1_168' title='bbox 653 2644 688 2706; x_wconf 92' lang='lat' dir='ltr'>in</span> <span class='ocrx_word' id='word_1_169' title='bbox 702 2642 867 2708; x_wconf 83' lang='lat' dir='ltr'>Corsicam</span> <span class='ocrx_word' id='word_1_170' title='bbox 884 2645 989 2707; x_wconf 88' lang='lat' dir='ltr'>iussus</span> <span class='ocrx_word' id='word_1_171' title='bbox 1008 2655 1056 2708; x_wconf 92' lang='lat' dir='ltr'>est</span> <span class='ocrx_word' id='word_1_172' title='bbox 1073 2643 1216 2707; x_wconf 88' lang='lat' dir='ltr'>transire.</span> <span class='ocrx_word' id='word_1_173' title='bbox 1249 2642 1326 2706; x_wconf 91' lang='lat' dir='ltr'>dum</span> 
     </span>
     <span class='ocr_line' id='line_1_24' title="bbox 298 2734 1326 2822; baseline -0.003 -22"><span class='ocrx_word' id='word_1_174' title='bbox 298 2736 326 2800; x_wconf 85' lang='lat' dir='ltr'>is</span> <span class='ocrx_word' id='word_1_175' title='bbox 343 2736 389 2800; x_wconf 89' lang='lat' dir='ltr'>ibi</span> <span class='ocrx_word' id='word_1_176' title='bbox 407 2736 526 2799; x_wconf 91' lang='lat' dir='ltr'>bellum</span> <span class='ocrx_word' id='word_1_177' title='bbox 539 2746 674 2821; x_wconf 85' lang='lat' dir='ltr'>gereret,</span> <span class='ocrx_word' id='word_1_178' title='bbox 693 2734 842 2801; x_wconf 84' lang='lat' dir='ltr'>Cornelio</span> <span class='ocrx_word' id='word_1_179' title='bbox 861 2746 1067 2821; x_wconf 87' lang='lat' dir='ltr'>prorogatum</span> <span class='ocrx_word' id='word_1_180' title='bbox 1081 2735 1260 2822; x_wconf 88' lang='lat' dir='ltr'>imperium,</span> <span class='ocrx_word' id='word_1_181' title='bbox 1278 2734 1326 2799; x_wconf 90' lang='lat' dir='ltr'>uti</span> 
     </span>
     <span class='ocr_line' id='line_1_25' title="bbox 299 2827 1358 2917; baseline 0 -23"><span class='ocrx_word' id='word_1_182' title='bbox 299 2830 456 2917; x_wconf 90' lang='lat' dir='ltr'>optineret</span> <span class='ocrx_word' id='word_1_183' title='bbox 470 2827 661 2894; x_wconf 87' lang='lat' dir='ltr'>Sardiniam.</span> <span class='ocrx_word' id='word_1_184' title='bbox 690 2827 751 2894; x_wconf 84' lang='lat' dir='ltr'>Cn.</span> <span class='ocrx_word' id='word_1_185' title='bbox 763 2828 900 2895; x_wconf 79' lang='lat' dir='ltr'>Servilio</span> <span class='ocrx_word' id='word_1_186' title='bbox 915 2827 1070 2916; x_wconf 88' lang='lat' dir='ltr'>Caepioni</span> <span class='ocrx_word' id='word_1_187' title='bbox 1088 2830 1121 2894; x_wconf 91' lang='lat' dir='ltr'>in</span> <span class='ocrx_word' id='word_1_188' title='bbox 1134 2829 1325 2915; x_wconf 86' lang='lat' dir='ltr'>Hispaniam</span> <span class='ocrx_word' id='word_1_189' title='bbox 1343 2847 1358 2894; x_wconf 82' lang='grc'><strong>3</strong></span> 
     </span>
     <span class='ocr_line' id='line_1_26' title="bbox 298 2922 1326 2991; baseline -0.001 -2"><span class='ocrx_word' id='word_1_190' title='bbox 298 2926 480 2991; x_wconf 89' lang='lat' dir='ltr'>ulteriorem</span> <span class='ocrx_word' id='word_1_191' title='bbox 507 2934 539 2990; x_wconf 93' lang='lat' dir='ltr'>et</span> <span class='ocrx_word' id='word_1_192' title='bbox 565 2924 604 2988; x_wconf 88' lang='lat' dir='ltr'>P.</span> <span class='ocrx_word' id='word_1_193' title='bbox 631 2924 731 2989; x_wconf 86' lang='lat' dir='ltr'>Furio</span> <span class='ocrx_word' id='word_1_194' title='bbox 757 2924 852 2989; x_wconf 94' lang='lat' dir='ltr'>Philo</span> <span class='ocrx_word' id='word_1_195' title='bbox 879 2924 913 2988; x_wconf 91' lang='lat' dir='ltr'>in</span> <span class='ocrx_word' id='word_1_196' title='bbox 939 2924 1117 2989; x_wconf 88' lang='lat' dir='ltr'>citeriorem</span> <span class='ocrx_word' id='word_1_197' title='bbox 1147 2924 1209 2988; x_wconf 90' lang='lat' dir='ltr'>tria</span> <span class='ocrx_word' id='word_1_198' title='bbox 1238 2922 1326 2988; x_wconf 90' lang='lat' dir='ltr'>milia</span> 
     </span>
     <span class='ocr_line' id='line_1_27' title="bbox 299 3017 1326 3106; baseline -0.002 -21"><span class='ocrx_word' id='word_1_199' title='bbox 299 3020 441 3106; x_wconf 92' lang='lat' dir='ltr'>peditum</span> <span class='ocrx_word' id='word_1_200' title='bbox 459 3019 697 3097; x_wconf 84' lang='lat' dir='ltr'>Romanorum,</span> <span class='ocrx_word' id='word_1_201' title='bbox 724 3020 846 3104; x_wconf 91' lang='lat' dir='ltr'>equites</span> <span class='ocrx_word' id='word_1_202' title='bbox 870 3030 997 3086; x_wconf 91' lang='lat' dir='ltr'>centum</span> <span class='ocrx_word' id='word_1_203' title='bbox 1020 3017 1266 3106; x_wconf 89' lang='lat' dir='ltr'>quinquaginta,</span> <span class='ocrx_word' id='word_1_204' title='bbox 1294 3028 1326 3084; x_wconf 92' lang='lat' dir='ltr'>et</span> 
     </span>
     <span class='ocr_line' id='line_1_28' title="bbox 300 3111 1326 3199; baseline -0.003 -21"><span class='ocrx_word' id='word_1_205' title='bbox 300 3114 421 3178; x_wconf 79' lang='lat' dir='ltr'>sociam</span> <span class='ocrx_word' id='word_1_206' title='bbox 443 3113 553 3178; x_wconf 90' lang='lat' dir='ltr'>Latini</span> <span class='ocrx_word' id='word_1_207' title='bbox 575 3114 712 3179; x_wconf 90' lang='lat' dir='ltr'>nominis</span> <span class='ocrx_word' id='word_1_208' title='bbox 735 3115 875 3199; x_wconf 91' lang='lat' dir='ltr'>quinque</span> <span class='ocrx_word' id='word_1_209' title='bbox 897 3115 986 3179; x_wconf 90' lang='lat' dir='ltr'>milia</span> <span class='ocrx_word' id='word_1_210' title='bbox 1007 3113 1166 3199; x_wconf 89' lang='lat' dir='ltr'>peditum,</span> <span class='ocrx_word' id='word_1_211' title='bbox 1193 3111 1326 3178; x_wconf 90' lang='lat' dir='ltr'>trecenti</span> 
     </span>
     <span class='ocr_line' id='line_1_29' title="bbox 300 3205 1324 3293; baseline -0.005 -20"><span class='ocrx_word' id='word_1_212' title='bbox 300 3208 432 3292; x_wconf 87' lang='lat' dir='ltr'>equites,</span> <span class='ocrx_word' id='word_1_213' title='bbox 452 3206 561 3274; x_wconf 86' lang='lat' dir='ltr'>Sicilia</span> <span class='ocrx_word' id='word_1_214' title='bbox 577 3208 682 3273; x_wconf 89' lang='lat' dir='ltr'>Lucio</span> <span class='ocrx_word' id='word_1_215' title='bbox 702 3205 925 3275; x_wconf 60' lang='lat' dir='ltr'>Claudio&#39;sine</span> <span class='ocrx_word' id='word_1_216' title='bbox 948 3207 1169 3293; x_wconf 90' lang='lat' dir='ltr'>supplemento</span> <span class='ocrx_word' id='word_1_217' title='bbox 1188 3206 1324 3272; x_wconf 89' lang='lat' dir='ltr'>decreta.</span> 
     </span>
     <span class='ocr_line' id='line_1_30' title="bbox 301 3299 1357 3389; baseline -0.004 -23"><span class='ocrx_word' id='word_1_218' title='bbox 301 3302 379 3367; x_wconf 90' lang='lat' dir='ltr'>duas</span> <span class='ocrx_word' id='word_1_219' title='bbox 397 3299 562 3388; x_wconf 87' lang='lat' dir='ltr'>praeterea</span> <span class='ocrx_word' id='word_1_220' title='bbox 579 3303 721 3389; x_wconf 85' lang='lat' dir='ltr'>legiones</span> <span class='ocrx_word' id='word_1_221' title='bbox 739 3304 886 3369; x_wconf 91' lang='lat' dir='ltr'>consules</span> <span class='ocrx_word' id='word_1_222' title='bbox 905 3302 1042 3368; x_wconf 89' lang='lat' dir='ltr'>scribere</span> <span class='ocrx_word' id='word_1_223' title='bbox 1059 3300 1138 3366; x_wconf 91' lang='lat' dir='ltr'>iussi</span> <span class='ocrx_word' id='word_1_224' title='bbox 1151 3323 1225 3366; x_wconf 91' lang='lat' dir='ltr'>cum</span> <span class='ocrx_word' id='word_1_225' title='bbox 1241 3299 1357 3364; x_wconf 80' lang='lat' dir='ltr'>iustot</span> 
     </span>
     <span class='ocr_line' id='line_1_31' title="bbox 299 3392 1326 3482; baseline -0.006 -21"><span class='ocrx_word' id='word_1_226' title='bbox 299 3418 433 3461; x_wconf 91' lang='lat' dir='ltr'>numero</span> <span class='ocrx_word' id='word_1_227' title='bbox 459 3397 603 3481; x_wconf 90' lang='lat' dir='ltr'>peditum</span> <span class='ocrx_word' id='word_1_228' title='bbox 630 3398 852 3482; x_wconf 90' lang='lat' dir='ltr'>equitumque,</span> <span class='ocrx_word' id='word_1_229' title='bbox 879 3406 910 3463; x_wconf 86' lang='lat' dir='ltr'>et</span> <span class='ocrx_word' id='word_1_230' title='bbox 937 3397 1047 3461; x_wconf 91' lang='lat' dir='ltr'>decem</span> <span class='ocrx_word' id='word_1_231' title='bbox 1072 3394 1161 3459; x_wconf 91' lang='lat' dir='ltr'>milia</span> <span class='ocrx_word' id='word_1_232' title='bbox 1183 3392 1326 3478; x_wconf 93' lang='lat' dir='ltr'>peditum</span> 
     </span>
     <span class='ocr_line' id='line_1_32' title="bbox 300 3485 1356 3573; baseline -0.007 -19"><span class='ocrx_word' id='word_1_233' title='bbox 300 3491 394 3554; x_wconf 87' lang='lat' dir='ltr'>sociis</span> <span class='ocrx_word' id='word_1_234' title='bbox 410 3490 568 3573; x_wconf 90' lang='lat' dir='ltr'>imperare</span> <span class='ocrx_word' id='word_1_235' title='bbox 587 3502 619 3554; x_wconf 92' lang='lat' dir='ltr'>et</span> <span class='ocrx_word' id='word_1_236' title='bbox 636 3502 796 3556; x_wconf 89' lang='lat' dir='ltr'>sescentos</span> <span class='ocrx_word' id='word_1_237' title='bbox 814 3490 947 3573; x_wconf 90' lang='lat' dir='ltr'>equites.</span> <span class='ocrx_word' id='word_1_238' title='bbox 992 3488 1124 3553; x_wconf 91' lang='lat' dir='ltr'>dilectus</span> <span class='ocrx_word' id='word_1_239' title='bbox 1143 3485 1356 3551; x_wconf 74' lang='lat' dir='ltr'>consulibusa</span> 
     </span>
     <span class='ocr_line' id='line_1_33' title="bbox 302 3577 1327 3667; baseline -0.008 -20"><span class='ocrx_word' id='word_1_240' title='bbox 302 3604 340 3647; x_wconf 94' lang='lat' dir='ltr'>eo</span> <span class='ocrx_word' id='word_1_241' title='bbox 358 3582 516 3645; x_wconf 85' lang='lat' dir='ltr'>difficilior</span> <span class='ocrx_word' id='word_1_242' title='bbox 534 3593 616 3659; x_wconf 91' lang='lat' dir='ltr'>erat,</span> <span class='ocrx_word' id='word_1_243' title='bbox 640 3584 728 3666; x_wconf 92' lang='lat' dir='ltr'>quod</span> <span class='ocrx_word' id='word_1_244' title='bbox 749 3584 943 3667; x_wconf 91' lang='lat' dir='ltr'>pestilentia,</span> <span class='ocrx_word' id='word_1_245' title='bbox 966 3602 1048 3663; x_wconf 91' lang='lat' dir='ltr'>quae</span> <span class='ocrx_word' id='word_1_246' title='bbox 1070 3578 1175 3665; x_wconf 90' lang='lat' dir='ltr'>priore</span> <span class='ocrx_word' id='word_1_247' title='bbox 1193 3598 1276 3641; x_wconf 88' lang='lat' dir='ltr'>anno</span> <span class='ocrx_word' id='word_1_248' title='bbox 1293 3577 1327 3639; x_wconf 91' lang='lat' dir='ltr'>in</span> 
     </span>
     <span class='ocr_line' id='line_1_34' title="bbox 301 3670 1326 3759; baseline -0.005 -21"><span class='ocrx_word' id='word_1_249' title='bbox 301 3675 405 3739; x_wconf 89' lang='lat' dir='ltr'>boves&#39;</span> <span class='ocrx_word' id='word_1_250' title='bbox 422 3674 601 3759; x_wconf 86' lang='lat' dir='ltr'>ingruerat,</span> <span class='ocrx_word' id='word_1_251' title='bbox 627 3697 666 3739; x_wconf 92' lang='lat' dir='ltr'>eo</span> <span class='ocrx_word' id='word_1_252' title='bbox 689 3685 827 3739; x_wconf 90' lang='lat' dir='ltr'>verterat</span> <span class='ocrx_word' id='word_1_253' title='bbox 846 3676 881 3738; x_wconf 91' lang='lat' dir='ltr'>in</span> <span class='ocrx_word' id='word_1_254' title='bbox 902 3673 1067 3738; x_wconf 87' lang='lat' dir='ltr'>hominum</span> <span class='ocrx_word' id='word_1_255' title='bbox 1090 3670 1228 3736; x_wconf 90' lang='lat' dir='ltr'>morbos.</span> <span class='ocrx_word' id='word_1_256' title='bbox 1272 3670 1326 3756; x_wconf 93' lang='lat' dir='ltr'>qui</span> 
     </span>
     <span class='ocr_line' id='line_1_35' title="bbox 301 3762 1326 3852; baseline -0.008 -19"><span class='ocrx_word' id='word_1_257' title='bbox 301 3767 493 3844; x_wconf 89' lang='lat' dir='ltr'>inciderant,</span> <span class='ocrx_word' id='word_1_258' title='bbox 518 3766 606 3831; x_wconf 91' lang='lat' dir='ltr'>haud</span> <span class='ocrx_word' id='word_1_259' title='bbox 627 3767 722 3832; x_wconf 87' lang='lat' dir='ltr'>facile</span> <span class='ocrx_word' id='word_1_260' title='bbox 744 3766 913 3852; x_wconf 89' lang='lat' dir='ltr'>septimum</span> <span class='ocrx_word' id='word_1_261' title='bbox 932 3766 1016 3831; x_wconf 91' lang='lat' dir='ltr'>diem</span> <span class='ocrx_word' id='word_1_262' title='bbox 1029 3764 1245 3850; x_wconf 75' lang='lat' dir='ltr'>superabant,</span> <span class='ocrx_word' id='word_1_263' title='bbox 1268 3762 1326 3846; x_wconf 32' lang='lat' dir='ltr'>,qui</span> 
     </span>
     <span class='ocr_line' id='line_1_36' title="bbox 303 3856 1327 3948; baseline -0.006 -21"><span class='ocrx_word' id='word_1_264' title='bbox 303 3872 530 3948; x_wconf 84' lang='lat' dir='ltr'>superaverant</span> <span class='ocrx_word' id='word_1_265' title='bbox 547 3860 737 3947; x_wconf 89' lang='lat' dir='ltr'>longinquo,</span> <span class='ocrx_word' id='word_1_266' title='bbox 763 3860 901 3927; x_wconf 85' lang='lat' dir='ltr'>maxime</span> <span class='ocrx_word' id='word_1_267' title='bbox 919 3871 1109 3945; x_wconf 90' lang='lat' dir='ltr'>quartanae,</span> <span class='ocrx_word' id='word_1_268' title='bbox 1131 3856 1327 3943; x_wconf 87' lang='lat' dir='ltr'>inplicaban-</span> 
     </span>
     <span class='ocr_line' id='line_1_37' title="bbox 301 3955 1359 4036; baseline -0.006 -15"><span class='ocrx_word' id='word_1_269' title='bbox 301 3971 355 4021; x_wconf 92' lang='lat' dir='ltr'>tur</span> <span class='ocrx_word' id='word_1_270' title='bbox 371 3955 493 4021; x_wconf 90' lang='lat' dir='ltr'>morbo.</span> <span class='ocrx_word' id='word_1_271' title='bbox 525 3956 654 4022; x_wconf 89' lang='lat' dir='ltr'>servitia</span> <span class='ocrx_word' id='word_1_272' title='bbox 670 3955 809 4021; x_wconf 87' lang='lat' dir='ltr'>maxime</span> <span class='ocrx_word' id='word_1_273' title='bbox 825 3955 1057 4029; x_wconf 84' lang='lat' dir='ltr'>moriebantur,</span> <span class='ocrx_word' id='word_1_274' title='bbox 1075 3974 1185 4017; x_wconf 91' lang='lat' dir='ltr'>eorum</span> <span class='ocrx_word' id='word_1_275' title='bbox 1203 3962 1324 4036; x_wconf 87' lang='lat' dir='ltr'>strages</span> <span class='ocrx_word' id='word_1_276' title='bbox 1345 3969 1359 4015; x_wconf 84' lang='lat' dir='ltr'>c</span> 
     </span>
     <span class='ocr_line' id='line_1_38' title="bbox 302 4045 1325 4137; baseline -0.008 -21"><span class='ocrx_word' id='word_1_277' title='bbox 302 4050 479 4137; x_wconf 85' lang='lat' dir='ltr'>peremnis</span> <span class='ocrx_word' id='word_1_278' title='bbox 497 4052 565 4115; x_wconf 89' lang='lat' dir='ltr'>vias</span> <span class='ocrx_word' id='word_1_279' title='bbox 583 4050 815 4137; x_wconf 89' lang='lat' dir='ltr'>insepultorum</span> <span class='ocrx_word' id='word_1_280' title='bbox 833 4061 911 4115; x_wconf 91' lang='lat' dir='ltr'>erat.</span> <span class='ocrx_word' id='word_1_281' title='bbox 952 4070 992 4112; x_wconf 92' lang='lat' dir='ltr'>ne</span> <span class='ocrx_word' id='word_1_282' title='bbox 1009 4047 1180 4112; x_wconf 91' lang='lat' dir='ltr'>liberorum</span> <span class='ocrx_word' id='word_1_283' title='bbox 1197 4045 1325 4129; x_wconf 89' lang='lat' dir='ltr'>quidem</span> 
     </span>
     <span class='ocr_line' id='line_1_39' title="bbox 303 4138 1360 4211; baseline -0.005 -2"><span class='ocrx_word' id='word_1_284' title='bbox 303 4145 469 4210; x_wconf 83' lang='lat' dir='ltr'>funeribus</span> <span class='ocrx_word' id='word_1_285' title='bbox 486 4143 631 4211; x_wconf 89' lang='lat' dir='ltr'>Libitina</span> <span class='ocrx_word' id='word_1_286' title='bbox 653 4144 842 4211; x_wconf 82' lang='lat' dir='ltr'>sufficiebat.</span> <span class='ocrx_word' id='word_1_287' title='bbox 888 4142 1044 4209; x_wconf 88' lang='lat' dir='ltr'>cadavera</span> <span class='ocrx_word' id='word_1_288' title='bbox 1064 4140 1183 4205; x_wconf 90' lang='lat' dir='ltr'>intacta</span> <span class='ocrx_word' id='word_1_289' title='bbox 1200 4162 1219 4204; x_wconf 92' lang='lat' dir='ltr'>a</span> <span class='ocrx_word' id='word_1_290' title='bbox 1241 4138 1326 4205; x_wconf 90' lang='lat' dir='ltr'>cani-</span> <span class='ocrx_word' id='word_1_291' title='bbox 1346 4155 1360 4204; x_wconf 81' lang='lat' dir='ltr'>r</span> 
     </span>
    </p>
   </div>
   <div class='ocr_carea' id='block_1_3' title="bbox 302 4232 1328 4387">
    <p class='ocr_par' dir='ltr' id='par_1_4' title="bbox 302 4232 1328 4387">
     <span class='ocr_line' id='line_1_40' title="bbox 302 4232 1328 4387; baseline -0.01 -82"><span class='ocrx_word' id='word_1_292' title='bbox 302 4239 364 4305; x_wconf 84' lang='lat' dir='ltr'>bus</span> <span class='ocrx_word' id='word_1_293' title='bbox 386 4261 425 4305; x_wconf 90' lang='lat' dir='ltr'>ao</span> <span class='ocrx_word' id='word_1_294' title='bbox 450 4232 628 4305; x_wconf 79' lang='lat' dir='ltr'>&#39;volturibus</span> <span class='ocrx_word' id='word_1_295' title='bbox 654 4240 745 4306; x_wconf 90' lang='lat' dir='ltr'>tabes</span> <span class='ocrx_word' id='word_1_296' title='bbox 767 4239 970 4316; x_wconf 89' lang='lat' dir='ltr'>absumebat,</span> <span class='ocrx_word' id='word_1_297' title='bbox 997 4235 1137 4387; x_wconf 60' lang='lat' dir='ltr'>satisquq</span> <span class='ocrx_word' id='word_1_298' title='bbox 1161 4232 1328 4299; x_wconf 91' lang='lat' dir='ltr'>constabat</span> 
     </span>
    </p>
   </div>
   <div class='ocr_carea' id='block_1_4' title="bbox 0 0 1703 4975">
    <p class='ocr_par' dir='ltr' id='par_1_5' title="bbox 0 0 1703 4975">
     <span class='ocr_line' id='line_1_41' title="bbox 0 0 1703 4975; baseline 0 0"><span class='ocrx_word' id='word_1_299' title='bbox 0 0 1703 4975; x_wconf 95' lang='lat' dir='ltr'> </span> 
     </span>
    </p>
   </div>
  </div>
 </body>
</html>
