3384 4975
514 521 631 577 arnna
647 521 806 590 xxxxn,
825 520 869 574 eo.
883 519 926 575 41.
947 486 1103 588 sacru]
1281 508 1322 575 61

296 682 454 747 Euersam
472 691 504 746 et
523 678 739 754 Callicritum,
756 676 913 742 venientis
931 677 973 742 ad
990 699 1049 743 nos
1066 700 1220 762 quaerere
1238 679 1324 745 malo

295 778 368 862 quis
386 776 582 842 interfecerit
599 794 698 859 quam
715 794 861 857 arguere.
904 771 939 835 in
955 772 1085 838 Aetolia
1107 773 1226 840 bellum
1243 775 1324 840 inte-

296 872 416 937 stinum
430 881 463 935 et
476 868 592 934 caedes
608 864 799 950 principum,
816 887 875 950 per
887 886 969 948 quos
981 866 1043 931 uisi
1059 889 1118 952 per
1131 879 1204 933 tuos
1221 867 1324 935 factae

295 963 399 1030 videri
411 960 565 1048 possunt?
585 959 731 1044 Dolopes
744 981 764 1023 a
777 959 892 1044 teipso
907 960 1040 1024 evastati
1054 971 1136 1028 sunt.
1162 960 1324 1028 Eumenes
1343 984 1359 1033 8

298 1081 358 1122 rex
375 1056 417 1120 ab
434 1055 541 1119 Roma
558 1075 631 1117 cum
648 1053 682 1117 in
699 1075 835 1138 regnum
857 1053 989 1133 rediret,
1011 1075 1111 1140 prope
1134 1065 1171 1119 ut
1187 1056 1327 1121 victuma

299 1148 437 1236 Delphis
454 1148 489 1213 in
511 1159 634 1213 sacrato
657 1148 728 1212 loco
751 1158 825 1214 ante
842 1171 914 1213 aras
932 1159 1106 1227 mactatus,
1134 1170 1231 1234 quem
1252 1150 1327 1214 insi-

298 1246 399 1310 mulet
415 1245 506 1330 piget
522 1243 640 1309 referre
645 1267 654 1321 3
673 1264 757 1328 quae
774 1243 891 1329 hospes
904 1244 1119 1309 Brundisinus
1137 1245 1263 1310 occulta
1280 1244 1329 1308 fa·
1347 1264 1361 1310 9

299 1338 406 1403 cinora
431 1337 564 1413 indicet,
592 1347 715 1402 certum
739 1337 844 1403 haheo
871 1348 903 1405 et
929 1338 1046 1424 scripta
1072 1339 1130 1404 tibi
1153 1338 1260 1403 omnia
1287 1337 1329 1401 ab

298 1432 403 1498 Roma
420 1454 490 1496 esse
507 1442 539 1497 et
557 1432 680 1517 legatos
697 1432 897 1498 renuntiasse
914 1443 996 1498 tuos.
1028 1433 1108 1498 haec
1125 1456 1167 1499 ne
1185 1433 1329 1498 diceren-
1348 1450 1380 1498 10

297 1539 350 1591 tur
363 1550 383 1592 a
394 1549 456 1604 me,
474 1547 538 1591 uno
553 1527 649 1592 modo
663 1527 765 1593 vitare
782 1527 926 1612 potuisti,
942 1549 1008 1595 nou
1019 1528 1213 1612 quaerendo,
1231 1549 1328 1610 quam

299 1621 342 1685 ob
368 1643 497 1685 causam
524 1621 682 1686 exercitus
708 1621 742 1685 in
768 1620 997 1687 Macedoniam
1023 1621 1246 1702 traicerentur,
1272 1633 1329 1685 aut

297 1713 457 1800 praesidia
477 1714 511 1778 in
529 1715 690 1781 sociorum
712 1715 808 1782 urbes
830 1716 1038 1782 mitteremus.
1082 1716 1248 1800 quaerenti
1270 1714 1328 1780 tibi

297 1808 465 1894 superbius
483 1809 693 1879 tacuissemus
711 1831 809 1893 quam
825 1833 903 1876 vera
918 1810 1150 1898 respondimus.
1179 1810 1327 1894 equidem
1348 1830 1376 1875 11

297 1925 355 1989 pro
372 1914 505 1989 patemo
527 1915 636 1969 nostro
654 1904 791 1989 hospitio
813 1905 908 1970 faveo
927 1905 1061 1970 orationi
1078 1914 1167 1983 tuae,
1190 1916 1223 1970 et
1240 1915 1326 1991 opto,

298 2007 334 2061 ut
352 1997 473 2081 aliquid
491 1997 569 2060 mihi
585 1999 914 2085 materiaepraebeas
931 2000 1075 2084 agendae
1093 2011 1167 2064 tuae
1185 2010 1262 2084 aput
1279 2021 1329 2063 se·

298 2101 411 2155 natum
428 2090 576 2155 causae).

363 2183 540 2249 XXXXI.
567 2183 623 2248 Ad
641 2206 750 2249 carex
768 2184 901 2249 ‘bonam
915 2206 1055 2262 causam,
1073 2185 1101 2250 si
1114 2195 1192 2270 aput
1208 2183 1328 2249 iudices
1350 2210 1362 2254 1

298 2304 419 2366 aequos
446 2292 610 2367 ageretur,
639 2291 718 2367 aput
735 2280 865 2346 eosdem
883 2293 915 2347 et
936 2292 1137 2347 accusatores
1156 2291 1188 2346 ct
1209 2279 1330 2344 iudices

300 2399 405 2461 agam.
449 2399 560 2442 sorum
582 2388 691 2443 autem
708 2397 792 2460 quac
810 2376 935 2444 obiecta
952 2388 1027 2444 sunt
1043 2375 1135 2454 mihi,
1158 2374 1275 2462 partim
1293 2395 1363 2443 eat

299 2481 390 2548 sunt,
408 2470 525 2554 quibus
543 2471 651 2538 nescio
669 2495 710 2536 an
728 2471 859 2558 gloriari
876 2472 1025 2550 debeam,
1048 2471 1164 2557 partim
1182 2493 1264 2555 quae
1282 2469 1331 2534 fa-

299 2563 360 2629 teri
379 2562 471 2649 [non]
495 2566 697 2642 erubescam,
724 2568 840 2651 partim
862 2588 945 2650 quae
968 2567 1066 2632 verbo
1085 2567 1209 2631 obiecta
1231 2564 1329 2630 verbo
1431 2573 1435 2576 '

299 2680 419 2745 negare
438 2658 487 2723 sit.
523 2658 602 2742 quid
620 2659 715 2735 enim,
734 2660 762 2724 si
778 2660 906 2745 legibus
923 2661 1036 2726 vestris
1054 2660 1149 2723 hodie
1167 2680 1241 2724 rcus
1260 2658 1330 2733 sim,
1350 2677 1364 2724 3

299 2764 356 2818 aut
373 2752 470 2818 index
487 2752 703 2818 Brundisinus
721 2766 777 2820 aut
793 2752 957 2819 Eumenes
979 2754 1059 2817 mihi
1076 2752 1207 2828 obiciat,
1225 2762 1261 2817 ut
1279 2772 1332 2815 ac-

301 2870 412 2913 cusare
438 2848 544 2933 potius
579 2872 655 2915 vere
682 2872 780 2935 quam
806 2847 972 2914 convitiari
997 2848 1185 2914 videantur?
1212 2846 1366 2931 scilicet4

300 2965 360 3008 nec
369 2942 542 3023 Eumenes,
562 2966 636 3010 cum
651 2954 716 3009 tam
729 2945 838 3010 multis
855 2944 963 3030 gravis
980 2943 1109 3030 publice
1127 2964 1165 3008 ac
1182 2942 1330 3029 privatim

300 3038 357 3114 sit,
382 3038 479 3103 alium
501 3060 600 3123 quam
616 3063 669 3105 me
686 3039 850 3105 inimicum
873 3040 998 3117 hahuit3
1021 3061 1127 3124 neque
1145 3060 1205 3123 ego
1227 3038 1331 3123 potio·

300 3154 369 3196 rem
383 3153 579 3216 quemquam
591 3134 633 3198 ad
646 3134 820 3199 ministeria
834 3133 1013 3199 facinorum
1028 3154 1125 3218 quam
1135 3132 1330 3207 Rammium,

301 3247 398 3309 quem
415 3249 521 3311 neque
538 3250 692 3312 umquam
714 3239 788 3294 ante
807 3229 950 3295 videram
968 3252 1028 3295 nec
1046 3251 1134 3294 eram
1155 3239 1268 3313 postea
1284 3227 1332 3290 vi—

302 3343 409 3397 surus,
435 3322 579 3389 invenire
596 3323 695 3408 potui.
739 3339 770 3388 et
788 3323 1033 3400 Thebanorum,
1060 3344 1140 3407 quos
1161 3319 1365 3406 naufragios

302 3415 424 3499 perisse
442 3426 581 3493 constat,
599 3428 631 3480 et
644 3416 832 3482 Arthetauri
850 3418 956 3484 caedis
974 3416 1052 3480 mihi
1071 3415 1235 3481 reddenda
1252 3413 1332 3477 ratio

303 3520 365 3582 est3
389 3509 424 3572 in
442 3530 505 3590 qua
523 3521 629 3572 tamen
647 3510 726 3574 nihil
743 3512 828 3575 ultra
845 3512 982 3576 obicitur
1000 3532 1097 3593 quam
1114 3509 1333 3572 interfectores

304 3600 373 3664 eius
391 3601 425 3662 in
442 3621 542 3682 regno
560 3601 724 3667 exsulasse
747 3624 828 3667 mec.
864 3604 956 3669 cuius
974 3601 1167 3668 condicionis
1184 3598 1335 3682 iniquita·
1354 3617 1368 3663 c

303 3705 370 3759 tem
386 3692 433 3757 ita
449 3714 513 3756 non
531 3715 602 3757 sum
618 3706 838 3774 recusaturus,
856 3698 884 3762 si
901 3720 959 3762 vos
977 3718 1105 3780 quoque
1124 3693 1281 3780 accipitis,
1299 3706 1336 3759 nt

303 3789 497 3874 quicumque
515 3789 626 3854 exules
643 3789 677 3853 in
693 3789 821 3854 Itaham
840 3803 896 3857 aut
912 3792 1051 3857 Romam
1068 3814 1102 3857 se
1121 3790 1333 3868 contulerunt,

304 3884 354 3949 his
370 3884 566 3961 facinorum,
588 3894 718 3969 propter
736 3906 819 3968 quae
836 3886 979 3951 damnati
1002 3896 1090 3964 sunt,
1113 3896 1259 3951 auctores
1277 3907 1334 3950 vos

305 3980 404 4045 fuisse
417 3978 591 4044 fateamini.
620 3979 647 4044 si
664 3979 726 4044 hoc
739 3990 771 4045 et
783 4002 841 4046 vos
853 3980 1041 4047 recusabitis
1056 3994 1087 4047 et
1102 3980 1333 4046 omnesItaliae
1354 4001 1367 4046 r

305 4074 425 4159 gentis,
448 4094 509 4159 ego
534 4095 662 4158 quoque
683 4075 767 4141 inter
787 4086 910 4142 ceteros
929 4098 993 4141 ero.
1038 4086 1071 4141 et
1092 4076 1234 4154 hercule,
1257 4075 1336 4161 quid

306 4168 427 4234 adtinet
444 4169 593 4251 cuiquam
606 4171 737 4254 exilium
753 4183 873 4258 patere,
892 4171 920 4237 si
935 4193 1095 4255 nusquam
1108 4172 1195 4237 exuli
1208 4172 1335 4237 futurus

306 4263 395 4329 locus
422 4266 488 4329 cst?
515 4288 576 4352 ego
603 4279 710 4333 tamen
731 4268 828 4346 istos,
856 4280 892 4333 ut
921 4269 1060 4353 primum
1085 4268 1120 4333 in
1140 4266 1368 4334 Macedoniae
