3384 4975
343 518 405 583 116
533 529 650 583 LIBER
667 525 958 593 xxxxnn,s.10.
975 526 1164 592 [ane585]

309 711 324 756 s
343 688 543 754 scenderunt.
586 683 621 747 id
641 694 766 746 tantum
783 680 935 746 dissimile
956 681 1031 757 fuit,
1053 682 1141 764 quod
1158 694 1191 747 et
1207 683 1243 747 in
1264 683 1377 753 fronte

343 780 476 846 extremi
497 790 590 843 etex
609 776 761 840 lateribus
783 774 842 840 soli
863 795 930 838 nou
954 774 1117 839 habebant
1143 799 1242 862 snper
1263 781 1377 865 capita

343 876 426 940 elata
444 884 548 949 scuta,
569 893 610 934 ne
627 870 786 934 nudarent
802 890 946 952 corpora,
964 868 1022 933 sed
1038 880 1205 953 praetenta
1220 895 1376 958 pugnan-

342 969 422 1032 tium
443 989 541 1030 more.
584 965 629 1028 ita
646 985 705 1028 nec
726 963 813 1047 ipsos
835 963 899 1026 tela
915 984 956 1026 ex
973 984 1065 1026 muro
1081 964 1181 1029 missa
1203 967 1374 1034 subeuntis

342 1063 516 1136 laeserunt,
539 1070 571 1122 et
593 1057 744 1122 testudini
765 1056 881 1120 iniecta
902 1055 1012 1118 imbris
1036 1056 1069 1119 in
1092 1057 1224 1123 modum
1245 1060 1373 1127 lubrico

293 1176 326 1222 ro
344 1155 472 1240 fastigio
493 1151 623 1216 innoxia
646 1151 689 1214 ad
712 1150 813 1213 imum
838 1149 1039 1213 labebantur.
1083 1162 1115 1213 et
1142 1154 1252 1216 consul
1274 1167 1372 1239 capto

342 1250 407 1313 iam
423 1247 582 1313 Heracleo
600 1255 705 1309 eastra
722 1266 760 1308 eo
778 1244 952 1327 promovit,
970 1257 1135 1326 tamquam
1150 1244 1251 1308 Dium
1268 1258 1371 1330 atque

294 1364 324 1409 11
343 1343 417 1408 inde
435 1351 594 1405 summoto
611 1361 688 1424 rege
709 1338 743 1402 in
759 1337 901 1401 Pieriam
918 1337 1016 1400 etiam
1037 1359 1270 1422 progressurus.
1308 1342 1369 1404 sed

343 1436 475 1500 hiberna
499 1435 565 1497 iam
589 1455 782 1518 praeparans
805 1431 874 1495 vias
896 1431 1126 1495 commeatibus
1152 1431 1368 1497 subvehendis

343 1553 384 1594 ex
392 1528 559 1593 Thessalia
572 1527 688 1591 muniri
701 1526 801 1602 iubet,
819 1537 852 1589 et
865 1525 940 1609 eligi
957 1524 1078 1588 horreis
1091 1536 1271 1610 opportuna
1284 1527 1370 1604 loca,

343 1634 489 1705 tectaque
516 1621 690 1696 aedificari,
717 1619 774 1683 ubi
799 1619 960 1683 deversari
986 1631 1148 1704 portantes
1171 1632 1371 1686 commeatus

342 1728 481 1802 possent.

311 1834 323 1877 1
407 1810 453 1875 X.
479 1810 618 1874 Perseus
631 1807 760 1871 tandem
771 1805 817 1891 [e]
834 1829 952 1891 pavore
968 1828 1006 1871 eo
1020 1828 1084 1889 quo
1098 1808 1252 1873 attonitus
1265 1809 1372 1875 fuerat

342 1918 470 1990 recepto
484 1904 590 1967 animo
599 1902 693 1966 malle
707 1901 849 1986 imperiis
863 1901 929 1964 suis
942 1923 1006 1964 non
1020 1901 1277 1986 obtemperatum
1290 1926 1369 1981 esse,

342 2022 415 2063 cum
433 1999 595 2084 trepidans
612 2019 728 2081 gazam
745 1995 778 2059 in
792 2017 879 2059 mare
893 1995 974 2059 deici
982 1994 1104 2071 Pellae,
1122 1995 1370 2064 Thessalonicae

310 2114 324 2159 a
342 2092 469 2157 navalia
485 2093 620 2156 iusserat
637 2090 773 2155 incendi.
800 2091 1006 2154 Andronicus
1015 2089 1278 2156 Thessalonicam
1294 2095 1372 2158 mis·

343 2211 397 2251 sus
415 2199 555 2251 traxerat
571 2198 707 2271 tempus,
725 2186 759 2248 id
777 2186 883 2269 ipsum
901 2185 987 2268 quod
1004 2185 1135 2262 accidit,
1156 2188 1371 2271 paenitentiae

342 2282 524 2363 relinquens
541 2281 657 2345 locum.
684 2280 840 2344 incautior
856 2279 966 2343 Nicias
984 2278 1096 2345 Pellae
1113 2282 1293 2366 proiciendo
1311 2305 1371 2366 pe-

310 2374 456 2437 acuniae
482 2382 620 2455 partem,
652 2394 735 2455 quae
760 2371 865 2435 suerat
891 2369 964 2457 [ad]
991 2372 1153 2451 Phacum3
1185 2375 1242 2438 sed
1271 2374 1306 2438 iu
1332 2399 1369 2441 re

343 2465 534 2531 emendabili
557 2466 644 2531 visus
665 2467 775 2551 lapsus
793 2490 877 2543 esse,
899 2468 986 2550 quod
1003 2492 1062 2553 per
1078 2470 1254 2535 urinatores
1272 2491 1368 2535 omne

309 2561 444 2627 aferme
462 2572 639 2626 extractum
656 2572 714 2625 est.
758 2571 929 2645 tantusque
946 2564 1050 2646 pudor
1067 2564 1136 2648 regi
1153 2564 1280 2648 pavoris
1299 2564 1369 2629 eius

342 2654 414 2733 fuit,
432 2667 468 2722 ut
484 2657 659 2721 urinatores
677 2657 760 2720 clam
777 2656 911 2721 interfici
927 2656 1064 2733 iusserit,
1082 2658 1370 2723 deindeAndroni-

344 2773 418 2814 cum
443 2772 572 2833 quoque
595 2763 627 2815 et
649 2751 779 2826 Nician,
805 2773 846 2815 ne
874 2751 945 2833 quis
971 2761 1037 2814 tam
1063 2752 1220 2817 dementis
1246 2753 1371 2840 imperii

312 2862 326 2907 5
346 2845 492 2907 conscius
511 2846 668 2909 existeret.
701 2847 783 2909 inter
799 2845 880 2908 haec
899 2842 937 2908 C.
955 2843 1100 2910 Marcius
1118 2869 1192 2911 cum
1210 2848 1312 2913 classe
1329 2848 1371 2912 ab

344 2938 502 3001 Heracleo
512 2937 771 3003 Thessalonicam
779 2939 941 3022 profectus
955 2950 987 3003 et
996 2962 1110 3024 agrum
1122 2942 1266 3027 pluribus
1281 2943 1370 3020 locis,

344 3030 495 3115 expositis
513 3053 571 3115 per
587 3032 680 3095 litora
698 3034 840 3110 errastis,
864 3036 927 3099 late
945 3035 1082 3101 vastavit
1100 3048 1132 3101 et
1148 3048 1372 3121 procurrentes

345 3124 385 3187 ab
409 3124 488 3187 urbe
511 3126 658 3189 secundis
681 3127 800 3209 aliquot
822 3130 949 3212 proeliis
977 3132 1117 3215 trepidos
1139 3132 1222 3195 intra
1244 3133 1372 3197 moenia

311 3235 324 3281 o
345 3218 495 3304 conpulit.
540 3220 667 3302 iamque
684 3220 745 3304 ipsi
763 3222 835 3285 urbi
853 3224 1001 3289 terribilis
1020 3238 1096 3301 erat,
1114 3248 1189 3290 cum
1206 3226 1369 3310 dispositis

343 3313 445 3377 omnis
472 3314 598 3398 generis
625 3316 787 3379 tormentis
819 3338 884 3380 non
914 3319 989 3403 vagi
1015 3320 1110 3383 modo
1137 3319 1222 3382 circa
1251 3342 1371 3396 muros,

343 3418 462 3472 temere
480 3408 784 3492 adpropinquantes,
803 3410 860 3474 sed
878 3411 974 3475 etiam
991 3412 1098 3494 quiin
1115 3411 1251 3476 navibus
1269 3424 1371 3489 erant,

310 3501 429 3566 tsaxis
461 3513 619 3567 tormento
651 3503 860 3568 emicantibus
892 3505 1160 3589 percutiebantur.
1214 3507 1372 3571 revocatis

344 3596 442 3681 igitur
458 3596 492 3660 in
516 3619 615 3661 naves
633 3598 785 3662 militibus
804 3598 986 3682 omissaque
1004 3599 1251 3664 Thessalonicae
1269 3621 1374 3686 oppu-

343 3691 493 3775 gnatione
507 3692 647 3756 Aeniam
664 3692 739 3757 inde
756 3705 880 3778 petunt.
914 3694 1096 3776 quindecim
1114 3694 1202 3757 milia
1218 3716 1375 3778 passuum

310 3800 324 3845 t·
344 3807 382 3850 ea
398 3786 475 3849 urbs
494 3785 595 3863 abest,
614 3786 766 3851 adversus
775 3786 926 3872 Pydnam
943 3788 1056 3873 posita,
1075 3786 1171 3852 fertili
1185 3809 1273 3872 agro.
1301 3811 1376 3873 per·

343 3878 475 3943 vastatis
484 3879 600 3944 finibus
611 3881 678 3944 eius
688 3882 830 3966 legentes
839 3904 929 3946 oram
939 3883 1157 3967 Antigoneam
1171 3882 1374 3965 perveniunt.

344 3967 389 4031 ibi
407 3974 526 4055 egressi
543 3974 576 4037 in
595 3986 709 4039 terram
727 3976 830 4061 primo
849 3988 881 4041 et
894 3989 1060 4042 vastarunt
1078 3999 1173 4063 agros
1190 3978 1323 4063 passim,
1342 3992 1376 4044 et

311 4079 325 4122 o
346 4060 542 4143 aliquantum
562 4070 699 4151 praedae
718 4073 920 4135 contulerunt
938 4072 979 4135 ad
1001 4096 1110 4137 naves.
1156 4071 1230 4137 dein
1247 4074 1376 4157 palatos

345 4174 398 4216 cos
413 4155 514 4222 adorti
529 4160 734 4241 Macedones,
752 4164 843 4231 mixti
861 4165 984 4251 pedites
999 4168 1196 4251 equitesque,
1209 4167 1376 4253 fugientes

345 4245 446 4313 effuse
465 4248 506 4313 ad
523 4275 610 4319 mare
628 4260 786 4341 persecuti
804 4260 997 4345 quingentos
1016 4262 1117 4327 ferme
1136 4262 1325 4329 occiderunt
1343 4282 1377 4329 et
