3384 4975
526 489 833 560 ateramum,
855 491 879 545 ι.
892 491 918 546 s.
939 494 977 560 [ι.
987 490 1018 546 ο.
1029 493 1093 560 rso]
1280 479 1321 547 93

294 653 506 740 gittariorum,
522 649 557 714 in
570 649 797 714 Macedoniam
814 646 949 724 misisse,
967 669 1041 712 cum
1058 648 1243 736 interrogati
1257 672 1322 714 non
1341 672 1355 719 a

294 747 507 814 infitiarentur
522 754 600 828 aput
607 742 729 808 Persea
737 741 891 806 maiorem
904 760 1073 806 numerum
1087 742 1322 828 sagittariorum

296 863 394 925 quam
409 848 487 925 aput
495 838 658 903 Romanos
672 835 817 913 militare,
834 856 1022 919 responsum
1036 847 1093 912 est,
1111 838 1139 900 si
1154 833 1321 903 Cretenses
1341 858 1355 905 e

295 937 379 1000 bene
395 955 433 997 ac
446 932 570 996 naviter
584 931 778 997 destinarent
790 930 946 1016 potiorem
958 931 1069 1016 populi
1077 931 1215 996 Romani
1228 956 1325 1016 quam

298 1028 383 1112 regis
392 1025 504 1090 Persei
517 1025 689 1090 amicitiam
702 1025 830 1101 habere,
845 1034 990 1089 senatum
1005 1045 1133 1108 quoque
1142 1026 1323 1092 Romanum

289 1124 326 1185 'ls
345 1136 497 1202 tanquam
515 1118 608 1183 certis
625 1119 707 1183 socis
724 1139 913 1203 responsum
931 1118 1081 1182 daturum
1097 1140 1177 1183 esse.
1204 1120 1324 1185 interea
1342 1138 1358 1185 4

298 1213 480 1276 nuntiarent
502 1211 583 1288 suis,
605 1212 732 1296 placere
754 1210 878 1276 senatui
901 1209 976 1275 dare
995 1232 1125 1296 operam
1145 1209 1323 1287 Cretenses,
1399 1282 1401 1287 ‚

298 1316 345 1382 ut,
363 1326 443 1388 quos
461 1305 542 1370 milit
529 1316 628 1370 tesm
628 1316 677 1372 tra
694 1305 852 1390 praesidia
865 1304 950 1390 regis
960 1303 1072 1370 Persei
1089 1305 1252 1382 haberent,
1230 1315 1325 1370 teos

297 1399 400 1485 primo
420 1420 549 1482 quoque
567 1409 710 1484 tempore
728 1397 860 1463 domum
877 1409 1072 1463 revocarent.

364 1489 571 1558 Cretensibus
590 1513 664 1557 cum
686 1492 748 1557 hoc
769 1514 921 1579 responso
939 1492 1077 1557 dimissis
1097 1490 1324 1558 Chalcidenses
1344 1512 1358 1560 5

298 1586 413 1662 vocati,
427 1606 563 1669 quorum
575 1585 717 1672 legatio
708 1607 778 1671 1pso
791 1585 825 1649 in
826 1585 901 1651 troit
901 1608 933 1660 u,
888 1585 989 1650 tob
1002 1586 1036 1651 id
1050 1587 1136 1670 quod
1145 1586 1326 1672 Micythion

297 1679 444 1766 princeps
459 1700 570 1744 eorum
582 1678 718 1764 pedibus
732 1689 844 1765 captus
858 1679 972 1744 lectica
986 1690 1034 1746 est
1021 1679 1224 1756 tintrolatus,
1242 1678 1340 1787 [⁰¹¹.¹''

297 1796 354 1838 nes
373 1773 528 1837 convertit
529 1769 554 1857 .]
515 1772 708 1838 tultimae
725 1773 922 1838 necessitatis
940 1773 1149 1859 extemplo
1118 1796 1188 1838 vlsa
1205 1790 1270 1854 res,
1292 1771 1326 1835 in
1345 1793 1358 1840 6
1476 1798 1479 1805 “

299 1889 364 1950 qua
380 1866 426 1931 ita
443 1866 569 1934 adfecto
588 1888 705 1932 excusa
706 1866 750 1930 tic
706 1867 1033 1932 tvaletudinist
978 1878 1033 1932 aut
1053 1890 1094 1932 ne
1116 1868 1179 1953 ipss
1168 1867 1326 1952 quidem

298 1970 355 2044 pet
342 1959 485 2024 tenda'
455 1982 525 2023 vrsa
547 1959 630 2024 foret
647 1970 704 2024 aut
721 1959 869 2024 datat
813 1982 856 2045 pe
856 1961 936 2025 tenti
952 1983 1017 2025 non
1036 1971 1128 2027 esset.
1174 1983 1247 2026 cum
1264 1961 1327 2026 sibi
1346 1981 1359 2027 ι

299 2053 380 2117 nihil
401 2051 467 2115 vivi
488 2053 621 2116 relicum
642 2062 868 2137 praeterquam
889 2054 1034 2138 linguam
1052 2053 1093 2118 ad
1116 2055 1326 2162 deplorandas

300 2144 424 2230 patriae
442 2166 518 2209 suae
532 2144 692 2208 calamitat
679 2155 727 2208 tes
740 2144 904 2229 praefatus
919 2156 1012 2220 esset,
1031 2146 1178 2230 exposuit
1193 2146 1328 2209 civitatis

299 2239 439 2324 primum
457 2261 534 2303 suae
552 2238 721 2302 benefacta
738 2249 770 2303 et
788 2249 896 2303 vetera
914 2249 947 2303 et
964 2261 1002 2302 ea
1019 2259 1102 2322 quae
1116 2237 1228 2303 Persei
1244 2238 1328 2319 bello

300 2331 532 2416 praestitissent
552 2331 687 2396 ducibus
703 2331 959 2420 exercitibusque
973 2331 1142 2409 Romanis3
1160 2341 1229 2396 tum
1245 2353 1328 2414 quae
1347 2351 1362 2399 c

299 2426 403 2512 primo
422 2423 461 2492 C.
480 2425 650 2492 Lueretius
672 2427 706 2492 in
728 2428 900 2513 populares
919 2449 993 2493 suos
1017 2436 1145 2513 praetor
1162 2425 1328 2493 Romanus

302 2519 439 2603 superbe
458 2542 553 2584 avare
575 2520 744 2585 crudeliter
765 2521 909 2599 fecisset,
932 2521 1047 2587 deinde
1065 2543 1147 2605 quae
1170 2533 1239 2584 tum
1257 2543 1330 2585 cum

301 2611 491 2676 maximeL.
500 2613 691 2677 Hortensius
700 2613 942 2697 faceretzquem
952 2615 1132 2679 admodum
1142 2615 1249 2677 omnia
1259 2612 1363 2688 sibi,9
1477 2633 1481 2640 ·

303 2704 400 2769 etiam
422 2706 450 2769 is
476 2726 559 2788 quae
584 2705 746 2790 patiantur
768 2705 921 2783 tristiora,
948 2705 1099 2791 patienda
1122 2728 1190 2771 esse
1214 2705 1333 2769 ducant

303 2799 411 2885 potius
429 2820 527 2884 quam
544 2800 608 2865 fide
626 2800 792 2876 decedant,
810 2800 857 2864 sic
875 2800 961 2883 quod
980 2800 1021 2863 ad
1038 2798 1228 2865 Lucretium
1245 2800 1332 2863 Hor·

303 2894 505 2976 tensiumque
531 2893 679 2960 attineret
705 2893 786 2959 seire
808 2894 907 2960 tutius
932 2893 1031 2959 fuisse
1053 2893 1202 2959 claudere
1224 2903 1331 2979 portas

303 3010 401 3071 quam
426 2988 461 3052 in
485 2988 598 3054 urbem
625 3010 680 3053 eos
703 2988 857 3073 accipere.
902 2989 957 3072 qui
982 2988 1191 3054 exclusissent
1216 3010 1270 3053 eos
1288 3024 1331 3034 -
1350 3008 1381 3054 ιο

304 3080 498 3157 Emathiam,
510 3082 742 3169 Amphipolim,
757 3081 957 3160 Maroneam,
967 3083 1097 3149 Aenum
1106 3082 1331 3148 —incolumes

305 3199 389 3242 esse:
412 3186 489 3262 aput
506 3200 541 3243 se
562 3179 682 3264 templa
699 3178 847 3244 omnibus
866 3180 1058 3244 ornamentis
1077 3179 1236 3264 conpilata
1258 3198 1331 3263 spo·

305 3270 459 3353 liataque3
486 3268 619 3357 [spolia]
646 3272 791 3357 sacrilegi
823 3272 892 3338 eius
920 3269 959 3337 C.
982 3272 1169 3337 Lucretium
1196 3270 1332 3336 navibus

306 3363 443 3428 Antium
459 3363 640 3441 devexisse,
662 3366 765 3430 libera
782 3387 916 3451 corpora
933 3365 967 3428 in
984 3365 1170 3430 servitutem
1188 3364 1331 3446 abrepta,

306 3457 451 3520 fortunas
469 3457 626 3520 sociorum
643 3458 754 3541 populi
766 3458 904 3522 Romani
923 3457 1062 3540 direptas
1081 3478 1151 3521 esse
1169 3467 1201 3521 et
1218 3455 1333 3520 cotidie

309 3547 412 3630 diripi.
456 3569 532 3610 nam
550 3570 590 3611 ex
606 3548 751 3612 instituto
770 3546 809 3611 C.
827 3547 962 3611 Lucreti
978 3549 1189 3611 Hortensium
1206 3566 1333 3629 quoque
1354 3563 1383 3608 11

308 3639 342 3703 in
359 3638 450 3703 tectis
467 3638 572 3703 hieme
589 3640 708 3723 pariter
720 3648 817 3723 atque
831 3649 951 3703 aestate
965 3639 1087 3703 navalis
1103 3639 1203 3703 socios
1217 3637 1334 3703 habere

309 3744 342 3798 et
359 3732 470 3796 domos
488 3753 562 3796 suas
579 3731 690 3817 plenas
703 3732 798 3795 turba
810 3730 939 3795 nautica
953 3754 1036 3797 esse:
1056 3730 1175 3796 versari
1191 3732 1273 3795 inter
1290 3752 1334 3807 se,

308 3826 462 3910 coniuges
479 3824 660 3909 liberosque
678 3847 763 3902 suos,
781 3825 899 3910 quihus
912 3825 991 3890 nihil
1004 3847 1108 3909 neque
1123 3825 1227 3890 dicere
1244 3825 1335 3912 pensi

309 3922 350 3985 sit
366 3941 471 4002 neque
488 3920 604 3985 facere.
831 3983 834 3991 ,

375 4013 470 4081 Vlll.
497 4014 672 4079 Accersere
698 4014 732 4077 in
758 4023 906 4078 senatum
928 4012 1117 4079 Lucretium
1138 4011 1273 4098 placuit,
1300 4022 1335 4077 ut
1356 4038 1368 4083 1

311 4108 503 4198 disceptaret
515 4129 622 4172 eoram
639 4119 855 4195 purgaretque
871 4130 950 4174 sese.
974 4118 1114 4173 ceterum
1128 4108 1228 4173 multo
1241 4106 1336 4195 plura
1353 4127 1367 4172 a

309 4224 461 4288 praesens
483 4203 605 4269 audivit
628 4225 724 4288 qnam
747 4204 780 4269 in
798 4203 963 4269 absentem
985 4204 1068 4268 iacta
1086 4214 1190 4280 erant,
1213 4213 1244 4269 et
1262 4224 1336 4286 gra-
