3384 4975
419 491 481 558 138
606 499 723 558 LIBER
739 448 928 569 XXXXIIIl,
946 496 989 551 83.
1002 497 1044 552 34.
1065 496 1248 568 [auc-586]

415 661 491 727 oriri
509 659 655 724 omnibus
677 656 755 720 locis
774 665 806 721 et
822 654 910 740 prius
928 652 1034 719 hostes
1053 675 1150 737 quam
1167 652 1268 739 ipsos,
1291 656 1369 738 quid
1387 680 1448 745 pa·

380 779 396 824 a
415 767 512 829 retur,
532 753 621 818 scire.
665 750 790 836 placere
807 749 907 835 igitur
924 747 1086 813 tribunum
1103 747 1239 813 militum
1256 749 1359 835 primo
1378 754 1446 838 pilo

415 847 549 934 legionis
567 856 725 912 secretum
742 845 836 909 edere
854 842 1037 928 imperium
1055 841 1145 906 illum
1159 853 1192 908 et
1206 843 1281 908 dein
1298 841 1444 930 singulos

414 942 560 1028 proximo
582 940 698 1024 cuique
720 940 755 1003 in
776 937 888 1003 ordine
909 936 1086 1002 centurioni
1112 936 1233 1013 dicere,
1259 938 1337 1021 quid
1360 961 1444 1026 opus

414 1037 499 1101 facto
517 1035 567 1113 sit,
585 1035 652 1099 sive
667 1057 687 1098 a
703 1032 814 1119 primis
831 1031 931 1116 signis
947 1031 988 1096 ad
1006 1030 1214 1095 novissimum
1228 1055 1354 1117 agmen,
1374 1035 1444 1101 sive

377 1154 396 1200 8
415 1131 456 1194 ab
470 1128 619 1196 extremis
637 1128 678 1193 ad
691 1128 810 1214 primos
824 1126 1052 1212 perferundum
1066 1125 1234 1210 imperium
1249 1127 1300 1191 sit.
1327 1127 1443 1214 vigiles

414 1224 510 1290 etiam
523 1245 607 1289 novo
616 1245 704 1287 more
714 1232 841 1287 scutum
853 1221 887 1284 in
900 1220 1043 1306 vigiliam
1056 1221 1139 1286 ferre
1149 1221 1263 1286 vetuit:
1281 1223 1442 1289 nonenim

412 1319 446 1385 in
462 1341 606 1406 pugnam
623 1317 752 1403 vigilem
769 1316 830 1392 ire,
853 1326 890 1380 ut
907 1315 1004 1379 armis
1025 1325 1148 1391 utatur,
1171 1316 1228 1380 sed
1246 1317 1287 1380 ad
1305 1317 1442 1401 vigilan-

413 1414 500 1489 dum,
518 1423 555 1476 ut
572 1433 646 1476 oum
660 1410 792 1476 senserit
805 1409 946 1473 hostium
960 1409 1142 1485 adventum,
1160 1409 1292 1495 recipiat
1305 1434 1339 1476 se
1354 1413 1442 1477 exci-

377 1528 393 1574 9
414 1517 522 1589 totque
536 1506 577 1570 ad
596 1528 684 1569 arma
703 1505 792 1569 alios.
820 1514 910 1568 scuto
924 1525 1000 1588 prae
1015 1525 1049 1568 se
1063 1514 1168 1568 erecto
1184 1515 1267 1570 stare
1279 1506 1440 1590 galeat0s3

412 1601 526 1666 deinde
540 1600 597 1665 ubi
610 1599 686 1664 fessi
704 1599 775 1675 sint,
793 1598 919 1662 innixos
936 1597 1011 1683 pilo,
1031 1597 1133 1682 capite
1151 1620 1247 1683 super
1260 1600 1439 1685 marginem

412 1696 494 1760 scuti
516 1695 635 1780 posite,
662 1693 781 1778 sopitos
807 1704 906 1769 stare,
932 1703 968 1756 ut
987 1690 1096 1779 [vigil]
1120 1693 1317 1778 fulgentibus
1340 1696 1439 1759 armis

361 1808 393 1855 ιο
411 1790 522 1875 procul
540 1788 679 1874 conspici
698 1789 739 1852 ab
756 1786 849 1851 hoste
865 1787 975 1872 possit,
993 1787 1062 1872 ipse
1075 1787 1153 1851 nihil
1171 1788 1346 1873 provideat.
1373 1801 1439 1854 sta·

409 1885 532 1948 tionum
545 1905 673 1968 quoque
687 1905 809 1947 morem
821 1881 966 1947 mutavit
993 1881 1107 1946 armati
1121 1903 1241 1960 omnes,
1260 1895 1292 1947 et
1305 1882 1437 1950 frenatis

410 1978 500 2062 equis
527 1978 664 2062 equites,
690 1977 776 2041 diem
801 1986 904 2041 totum
926 1976 1125 2061 perstabant3
1152 1976 1186 2040 id
1209 1999 1283 2041 curn
1306 1979 1435 2044 aestivis

409 2072 521 2138 diebus
545 2081 656 2137 urente
679 2071 812 2136 adsiduo
830 2071 896 2151 sole
918 2070 1022 2148 fieret,
1049 2080 1097 2136 tot
1117 2070 1266 2136 horarum
1290 2084 1436 2139 aestuet

408 2166 561 2252 languore
574 2166 660 2250 ipsos
675 2186 837 2249 equosque
851 2164 952 2230 fessos
965 2165 1081 2250 integri
1100 2188 1194 2252 saepe
1209 2166 1310 2230 adorti
1328 2167 1434 2234 hostes

359 2280 389 2326 11
408 2260 460 2325 vel
477 2259 572 2345 pauci
593 2261 701 2344 plures
719 2258 888 2323 vexabant.
931 2258 1040 2342 itaque
1063 2282 1103 2324 ex
1120 2260 1276 2325 matutina
1297 2263 1433 2326 statione

408 2353 450 2416 ad
468 2353 632 2418 meridiem
650 2352 760 2417 decedi
774 2363 804 2416 et
822 2353 857 2415 in
873 2351 1153 2438 postmeridianam
1167 2353 1333 2425 succedere
1351 2356 1433 2420 alios

407 2446 512 2523 iussit;
529 2446 574 2511 ita
583 2467 757 2531 numquam
767 2444 917 2532 fatigatos
928 2468 1037 2512 recens
1047 2446 1146 2513 hostis
1156 2448 1288 2534 adgredi
1296 2459 1431 2535 poterat.

375 2562 388 2608 1
470 2539 662 2605 XXXIHI.
691 2542 783 2606 Haec
801 2562 875 2604 cum
887 2540 932 2605 ita
944 2540 1013 2605 fieri
1030 2542 1156 2626 placere
1175 2543 1320 2608 contione
1334 2545 1433 2609 advo-

407 2646 478 2701 cata
490 2635 735 2721 pronuntiasset,
754 2633 870 2700 adiecit
885 2634 1025 2700 urbanae
1040 2636 1177 2700 contioni
1192 2638 1432 2703 convenientem

373 2730 598 2797 serationem:
625 2753 726 2794 unum
746 2729 970 2814 imperatorem
992 2730 1027 2795 in
1049 2730 1189 2794 exercitu
1211 2732 1378 2816 providere
1401 2746 1432 2799 et

407 2824 570 2889 consulere
593 2823 670 2906 quid
691 2823 853 2908 agendum
871 2823 912 2887 sit
930 2823 1060 2899 debere,
1087 2845 1173 2888 nuno
1194 2848 1318 2910 perse,
1346 2850 1432 2891 nunc

408 2938 481 2980 cum
498 2917 550 2993 iis,
569 2938 649 2999 quos
668 2916 871 2981 advocaverit
887 2916 921 2980 in
940 2916 1121 2993 consilium3
1141 2918 1196 3001 qui
1213 2942 1277 2984 non
1295 2920 1358 2984 sint
1376 2922 1433 2985 ad·

406 3010 526 3086 vocati,
553 3031 690 3075 cosnec
712 3010 819 3095 palam
840 3029 901 3074 nec
924 3022 1045 3075 secreto
1068 3010 1186 3077 iactare
1209 3014 1340 3078 consilia
1362 3038 1431 3079 sua.

371 3124 387 3170 3
406 3102 537 3167 militem
555 3102 635 3168 haec
653 3103 713 3168 tria
731 3126 841 3170 curare
858 3103 983 3181 debere,
1003 3126 1117 3189 corpus
1135 3116 1285 3189 utquam
1302 3108 1433 3173 validis·

406 3197 521 3261 simum
540 3208 572 3263 et
588 3198 840 3283 pernicissimum
858 3197 985 3276 habeat,
1004 3222 1093 3263 arma
1111 3211 1195 3285 apta,
1213 3202 1319 3266 cibum
1337 3225 1432 3287 para-

371 3313 388 3358 4
406 3303 475 3356 tum
492 3294 534 3358 ad
552 3294 657 3359 subita
673 3294 820 3379 imperia3
844 3305 950 3359 cetera
967 3294 1046 3359 scire
1065 3295 1105 3359 de
1123 3318 1157 3359 se
1176 3296 1224 3360 dis
1246 3296 1432 3362 immortali-

406 3386 466 3451 bus
484 3399 515 3451 et
531 3387 714 3473 imperatori
731 3410 790 3453 suo
808 3409 904 3453 curae
922 3412 1000 3455 esse.
1027 3389 1061 3454 in
1079 3412 1142 3473 quo
1157 3392 1298 3456 exercitu
1313 3393 1432 3457 milites

405 3480 599 3559 consultant,
617 3482 788 3568 imperator
804 3483 985 3548 rumoribus
1004 3484 1094 3570 vulgi
1112 3483 1361 3571 circumagatur,
1384 3487 1430 3551 ibi

368 3596 385 3641 5
403 3576 481 3640 nihil
499 3577 635 3641 salutare
650 3598 729 3641 esse.
757 3599 801 3654 se,
819 3577 907 3661 quod
920 3577 961 3642 sit
976 3578 1117 3644 officium
1129 3578 1337 3664 imperatoris,
1356 3603 1432 3664 pro-

404 3669 562 3746 visurum,
589 3679 625 3733 ut
646 3670 727 3734 bene
750 3672 910 3756 gerendae
932 3672 978 3737 rei
996 3674 1195 3738 occasionem
1216 3676 1244 3737 is
1262 3674 1429 3758 praebeat:

403 3763 474 3828 illos
491 3764 570 3828 nihil
588 3764 667 3847 quid
683 3764 827 3830 futurum
845 3766 886 3831 sit
899 3790 1051 3851 quaerere
1065 3767 1224 3855 [debore],
1243 3769 1299 3833 ubi
1318 3770 1431 3834 datum

370 3875 385 3921 6
404 3856 530 3941 signum
548 3857 598 3933 sit,
617 3868 685 3922 tum
702 3859 871 3924 militarem
880 3858 1040 3947 [operam]
1055 3885 1182 3929 navare.
1210 3865 1251 3927 ab
1270 3864 1319 3928 his
1337 3886 1431 3949 prae·

403 3951 503 4032 ceptis
517 3951 696 4018 contionem
711 3952 838 4031 dimisit,
852 3955 947 4041 volgo
962 3953 1057 4020 etiam
1071 3957 1228 4021 veteranis
1243 3958 1429 4035 fatentibus,

403 4062 438 4104 se
450 4041 505 4105 illo
518 4046 655 4128 primum
670 4046 732 4123 die,
750 4059 915 4132 tamquam
928 4048 1056 4126 tirones,
1074 4052 1152 4135 quid
1165 4054 1328 4137 agendum
1345 4065 1430 4119 esset

370 4154 384 4199 7
403 4132 487 4196 inre
505 4136 632 4203 militari
649 4140 807 4206 didicisse.
833 4164 899 4207 non
916 4142 1113 4209 sermonibus
1132 4156 1256 4211 tantum
1274 4146 1334 4220 his,
1353 4170 1429 4211 cum

403 4237 522 4312 quanto
545 4229 683 4299 adsensu
709 4236 872 4303 audissent
900 4235 999 4303 verba
1025 4240 1178 4316 consulis,
1210 4242 1429 4321 ostenderunt,
