3384 4975
476 530 594 585 amna
609 529 799 597 xxxxlnr,
818 528 918 582 13.14.
938 528 1095 596 [aurae]
1238 514 1300 581 119

274 690 412 765 moenia,
440 710 504 771 qua
530 686 670 771 suspecti
696 685 800 749 aditus
829 693 933 759 erant,
961 706 1113 769 spemque
1140 687 1300 771 extemplo
1350 710 1351 715 ¹

273 784 461 857 inciderunt,
479 781 551 866 capi
568 779 671 864 primo
684 780 806 863 impetu
823 799 927 862 posse.
956 778 1078 842 obsidio
1093 779 1191 864 igitur
1207 802 1300 864 para·
1317 801 1333 846 4

273 880 378 954 batur,
396 887 429 941 et
447 897 544 960 opera
555 869 626 958 [ad]
637 872 910 957 oppugnationem
926 871 995 936 fieri
1014 883 1134 957 coepta.
1161 872 1300 939 Perseus

273 994 348 1035 cum
366 969 507 1035 audisset
525 966 619 1030 simul
635 965 832 1030 Meliboeam
851 988 870 1028 a
888 965 1025 1029 consulis
1041 965 1182 1030 exercitu
1200 987 1302 1051 oppu-

273 1063 382 1148 gnari,
401 1060 497 1125 simul
515 1061 649 1124 classem
666 1058 747 1123 Iolci
764 1070 863 1135 stare,
886 1057 949 1144 [ut]
969 1059 1043 1124 inde
1061 1059 1300 1126 Demetriadem

275 1156 517 1242 adgrederetur,
543 1153 788 1238 Euphranorem
813 1153 975 1235 quendam
1002 1176 1042 1218 ex
1069 1152 1204 1218 ducibus
1228 1177 1301 1219 cum

274 1249 406 1315 delectis
425 1249 550 1312 duobus
567 1246 696 1310 milibus
714 1246 910 1311 Meliboeam
929 1246 1033 1310 mittit.
1080 1248 1183 1312 eidem
1201 1248 1336 1333 impe-5

274 1355 394 1419 ratum,
421 1352 458 1405 ut
475 1341 501 1404 si
520 1364 539 1404 a
555 1339 719 1404 Meliboea
741 1339 964 1404 summovisset
982 1339 1158 1416 Romanos,
1182 1340 1303 1406 Deme-

274 1437 408 1501 triadem
429 1435 517 1522 prius
536 1436 661 1499 occulto
678 1434 791 1498 itinere
807 1433 953 1510 intraret,
981 1456 1078 1517 quam
1096 1435 1137 1499 ab
1155 1435 1243 1500 Iolco
1261 1436 1303 1500 ad

274 1531 387 1596 urbem
409 1541 513 1595 castra
534 1539 700 1593 moverent
717 1529 864 1594 Romani.
910 1540 943 1594 et
964 1529 1006 1593 ab
1028 1530 1301 1616 oppugnatoribus
1321 1548 1336 1595 t

274 1624 466 1699 Meliboeae,
484 1646 558 1688 cum
575 1623 608 1687 in
623 1622 840 1708 superioribus
857 1623 935 1688 locis
951 1636 1081 1708 repente
1094 1624 1301 1709 apparuisset,

274 1742 349 1783 cum
366 1716 577 1802 trepidatione
600 1718 701 1782 multa
717 1717 828 1782 relicta
846 1739 943 1803 opera
965 1729 1038 1782 sunt
1057 1714 1236 1804 [ignisque]
1254 1718 1303 1783 in·

274 1813 385 1876 iectus.
412 1812 458 1875 ita
475 1835 495 1874 a
512 1811 676 1876 Meliboea
693 1811 876 1875 abscessum
895 1823 951 1876 est.
988 1811 1181 1898 Euphranor
1198 1811 1301 1876 soluta
1321 1830 1334 1874 r
1427 1808 1430 1813 ’

274 1905 369 1968 unius
383 1904 472 1967 urbis
486 1903 650 1968 obsidione
659 1902 901 1968 Demetriadem
915 1904 1074 1988 extemplo
1086 1905 1182 1968 ducit.
1208 1915 1302 1969 nocte

274 1998 401 2063 moenia
425 1997 535 2082 [intrat
556 2007 741 2079 tantamque
758 1997 909 2061 fiduciam
927 1998 1138 2062 incolentibus
1156 1997 1247 2075 fecit,
1265 2009 1302 2062 ut

274 2114 340 2156 non
357 2086 498 2175 moenia]
517 2089 623 2166 mcd0,
641 2092 698 2154 sed
715 2113 810 2175 agros
829 2091 926 2154 etiam
944 2090 1139 2155 confiderent
1156 2113 1190 2154 se
1209 2114 1228 2153 a
1245 2112 1303 2175 po-

274 2183 491 2270 pulationibus
506 2182 588 2247 tueri
605 2205 713 2267 posse3
732 2194 764 2247 et
778 2183 959 2268 eruptiones
972 2184 1005 2247 in
1018 2205 1118 2267 vagos
1135 2183 1303 2267 populato-

274 2302 325 2343 res
342 2300 408 2343 non
426 2277 493 2342 sine
512 2276 694 2341 volneribus
711 2276 853 2341 hostium
870 2276 974 2341 factae
988 2287 1071 2340 sunt.
1100 2277 1302 2341 circumvecti
1321 2295 1335 2342 8

274 2386 382 2438 tamen
399 2373 525 2439 moenia
547 2384 621 2437 sunt
642 2384 770 2457 praetor
787 2382 819 2437 et
841 2395 913 2450 rex,
941 2373 1037 2437 situm
1055 2371 1143 2437 urbis
1162 2383 1302 2437 contem-

275 2467 414 2555 plantes,
436 2468 545 2549 siqua
566 2478 655 2551 parte
674 2477 829 2552 temptare
846 2478 902 2531 aut
920 2490 1015 2553 opere
1034 2479 1089 2532 aut
1106 2466 1138 2531 vi
1161 2477 1299 2553 possent.

276 2562 362 2626 fama
380 2560 441 2623 furt
457 2583 514 2644 per
532 2558 713 2645 Cydantem
733 2560 920 2626 Cretensem
938 2573 970 2627 et
987 2562 1227 2638 Antimachum,
1246 2562 1302 2644 qui
1320 2578 1334 2625 9

275 2654 475 2719 Demetriadi
497 2664 656 2739 praeerat,
680 2665 828 2718 tractatas
846 2654 928 2718 inter
945 2654 1114 2719 Eumenen
1133 2665 1165 2719 et
1181 2655 1302 2719 Persea

275 2748 478 2814 condiciones
500 2746 667 2812 amicitiae.
713 2747 754 2811 ab
776 2746 985 2812 Demetriade
1008 2758 1092 2811 certe
1119 2747 1302 2813 abscessum

276 2854 333 2908 est.
379 2841 543 2907 Eumenes
571 2842 613 2905 ad
640 2842 804 2905 consulem
830 2842 977 2926 navigat3
1011 2841 1190 2927 gratulatus
1217 2843 1303 2926 quod
1322 2860 1354 2907 10

276 2960 425 3022 prospere
448 2935 674 3001 Macedoniam
696 2935 859 3013 intrasset,
886 2935 1083 3022 Pergamum
1108 2936 1143 3000 in
1168 2959 1302 3022 regnum

276 3032 352 3096 abit.
395 3031 540 3096 Marcius
563 3030 698 3116 Figulus
720 3042 850 3116 praetor
870 3043 960 3116 parte
982 3031 1090 3096 classis
1113 3032 1147 3095 in
1169 3032 1302 3098 hiberna
1322 3048 1352 3094 11
1446 3095 1453 3105 ,

276 3124 443 3190 Sciathum
469 3126 566 3188 missa
592 3147 665 3189 cum
691 3126 820 3209 reliquis
846 3126 983 3190 navibus
1007 3124 1131 3191 Oreum
1149 3126 1302 3190 Euboeae

276 3219 364 3302 petit,
383 3242 453 3283 eam
470 3218 582 3283 urbem
597 3219 793 3303 aptissimam
809 3231 908 3297 ratus,
926 3221 1012 3285 unde
1027 3220 1228 3295 exercitibus,
1247 3220 1303 3301 qui

276 3312 310 3375 in
327 3309 519 3376 Macedonia
541 3312 659 3394 quique
682 3313 715 3376 in
733 3313 900 3379 Thessalia
918 3325 1022 3389 erant,
1045 3315 1127 3378 mitti
1145 3335 1303 3377 commea-

277 3418 328 3470 tus
345 3416 484 3488 possent.
529 3406 569 3469 de
587 3406 732 3472 Eumene
749 3431 826 3493 rege
843 3409 940 3492 longe
959 3408 1084 3471 diversa
1101 3406 1240 3471 tradunt.
1277 3406 1304 3469 si
1323 3420 1354 3465 12

276 3499 407 3562 Valerio
424 3498 549 3562 Antiati
567 3499 687 3576 credas,
705 3522 765 3564 nec
783 3502 885 3565 classe
903 3501 1047 3563 adiutum
1066 3500 1159 3563 abeo
1177 3509 1303 3583 praeto-

278 3612 346 3655 rem
363 3612 449 3665 esse,
468 3612 540 3654 oum
559 3613 654 3675 saepe
674 3615 748 3656 eum
765 3594 877 3657 litteris
896 3592 1093 3667 accersisset,
1116 3591 1225 3666 tradit,
1244 3613 1304 3655 nec

278 3706 353 3750 cum
370 3682 474 3769 gratia
491 3682 532 3745 ab
551 3685 680 3749 consule
698 3685 877 3769 profectum
894 3686 928 3749 in
945 3686 1073 3761 Asiam,
1092 3685 1302 3771 indignatum,

278 3778 365 3864 quod
391 3788 428 3841 ut
453 3776 555 3842 isdem
582 3778 692 3843 castris
719 3779 863 3845 tenderet
889 3779 1079 3864 permissum
1105 3801 1170 3843 non
1196 3778 1302 3843 fuerit.

277 3895 319 3937 ne
345 3882 382 3936 ut
408 3871 531 3955 equites
559 3871 689 3954 quidem
716 3871 841 3949 Gallos,
875 3895 955 3958 quos
982 3895 1091 3939 seeum
1117 3875 1302 3950 adduxerat,
1323 3892 1354 3937 13

278 3967 486 4049 relinqueret,
511 3967 674 4051 impetrari
692 3968 733 4032 ab
757 3990 795 4033 eo
812 3968 964 4053 potuisse.
1007 3968 1155 4032 Attalum
1172 3968 1303 4032 fratrem

277 4060 347 4125 eius
365 4071 397 4125 et
414 4060 602 4126 remansisse
619 4072 697 4147 aput
712 4062 884 4140 consulem,
904 4073 936 4127 et
956 4062 1111 4127 sinceram
1125 4063 1192 4127 eius
1205 4061 1303 4127 fidem

279 4154 406 4238 aequali
423 4167 533 4219 tenore
551 4156 777 4240 egregiamque
795 4179 925 4243 operam
942 4157 976 4221 in
994 4179 1031 4222 eo
1051 4157 1133 4222 bello
1148 4156 1256 4222 fuisse.

345 4248 461 4313 XlHI.
493 4249 585 4314 Dum
610 4250 730 4315 bellum
759 4251 794 4316 in
819 4252 1013 4318 Macedonia
1038 4251 1173 4337 geritur,
1204 4250 1334 4336 legatir
