3384 4975
485 478 602 533 amna
619 477 762 546 xxxm,
781 478 823 532 ra
838 478 879 530 19.
899 477 1121 549 [sonans]
1279 466 1319 531 17

296 633 390 699 simul
407 635 551 719 partibus
569 634 676 698 subire
693 635 726 697 in
740 633 891 697 adversos
905 645 1028 698 montes
1042 637 1155 722 coepit.
1183 658 1317 721 capam,

294 729 328 792 in
344 749 409 810 qua
425 728 494 812 ipse
513 739 591 803 erat,
609 727 733 810 inpigre
751 725 957 802 succedebat3
975 727 1107 792 alteram
1124 729 1231 794 hostes
1245 753 1319 795 cum

295 823 522 908 propulissent,
549 832 585 883 ut
603 820 782 884 restitueret
799 841 867 883 rem
885 819 1014 883 inclinat
1002 831 1081 898 tarn,
1109 825 1218 888 consul
1236 847 1318 908 equo

295 916 448 978 advectus
466 936 542 977 suos
560 913 690 995 quidem
708 934 727 975 a
744 912 823 995 fuga
840 912 1011 989 revocavit,
1028 914 1097 998 ipse
1115 916 1219 979 dum
1209 941 1325 984 lncan-

296 1009 359 1070 tius
378 1018 451 1070 ante
469 1007 561 1090 signa
578 1005 778 1080 obversatur,
797 990 909 1069 missili
927 1007 1075 1071 traiectus
1094 1011 1216 1074 cecidit.
1259 1035 1319 1076 nec
1339 1031 1369 1077 12

296 1100 403 1162 hostes
427 1100 541 1163 ducem
563 1099 702 1162 occisum
724 1109 904 1175 senserunt,
932 1110 963 1163 et
981 1122 1110 1164 suorum
1128 1104 1236 1185 pauci,
1262 1107 1317 1188 qui

297 1193 455 1268 viderant,
478 1192 564 1255 haud
586 1193 803 1276 neclegenter,
826 1202 863 1256 ut
880 1193 935 1275 qui
952 1193 986 1256 in
1004 1215 1041 1258 eo
1059 1195 1224 1258 victoriam
1240 1200 1320 1261 verti

297 1286 422 1361 scirent,
442 1307 555 1370 corpus
573 1285 783 1350 occultavere.
811 1285 874 1351 alia
889 1287 1057 1351 multitudo
1075 1289 1219 1374 peditum
1233 1290 1321 1372 equi·
1341 1307 1371 1352 13

296 1390 428 1462 tumque
446 1379 621 1443 deturbatis
639 1379 784 1442 hostibus
801 1380 918 1444 montis
936 1380 1003 1444 sine
1022 1381 1103 1446 duce
1122 1404 1243 1466 cepere.
1280 1383 1322 1446 ad

295 1473 435 1581 quinque
452 1472 540 1536 milia
561 1472 721 1557 Ligurum
739 1473 844 1537 occisa
850 1498 859 1550 ;
878 1496 918 1537 ex
932 1472 1079 1541 Romano
1098 1477 1238 1541 exercitu
1256 1476 1320 1540 duo

297 1578 329 1630 et
345 1566 577 1677 quinquaginta
594 1566 785 1631 ceciderunt.
831 1589 927 1652 super
944 1579 1009 1631 tam
1027 1570 1236 1634 evidentemt
1224 1570 1320 1634 tristis
1341 1588 1373 1633 ιι

296 1662 410 1725 ominis
431 1673 580 1726 eventum
602 1661 698 1726 etiam
722 1684 762 1727 ex
784 1662 919 1747 pullario
942 1663 1030 1727 audit
1018 1673 1129 1744 tumst,
1153 1664 1267 1728 vitium
1287 1666 1321 1728 in

263 1823 266 1826 ,
296 1743 437 1839 auspicio
454 1754 563 1831 fuisse,
581 1778 641 1820 nec
647 1755 692 1818 id
710 1756 901 1820 consulem
891 1778 1065 1842 ignorasse.
1113 1755 1151 1822 C.
1170 1744 1319 1824 Valerius
1340 1774 1370 1820 15

296 1848 405 1912 audita

654 1942 672 1977 ἔ
801 1942 819 1977 ἔ
949 1943 967 1978 ἔ

297 2033 405 2120 [periti
423 2034 613 2118 religionum
630 2035 771 2117 iurisque
790 2036 924 2119 publici,
944 2037 1071 2119 quando
1089 2037 1152 2100 dno
1171 2037 1321 2101 ordinarii
1340 2053 1371 2100 16
1418 2107 1420 2109 ,

297 2130 442 2193 consules
461 2129 529 2192 eius
547 2129 632 2204 anni,
651 2129 730 2192 alter
746 2130 869 2205 morbo,
888 2131 967 2193 alter
984 2130 1068 2194 ferro
1082 2131 1235 2214 periisset,
1254 2131 1321 2194 suf-

296 2223 417 2288 fectum
435 2223 599 2287 consulem
615 2222 778 2307 negabant
794 2233 880 2286 recte
898 2222 1025 2286 comitia
1041 2223 1159 2287 habere
1177 2221 1286 2308 posse]
1338 2241 1342 2244 ·

655 2327 673 2362 ff
803 2324 821 2359 ἢ
951 2324 969 2359 ἢ

297 2408 396 2497 [....]
416 2410 556 2475 deduxit.

362 2502 512 2570 XVIHI.
540 2502 597 2567 Cis
615 2504 822 2588 Apenninum
841 2502 957 2569 Garuli
975 2515 1006 2569 et
1023 2504 1171 2589 Lapicini
1189 2500 1220 2569 et
1237 2505 1322 2569 Her·
1342 2520 1354 2565 1

297 2607 399 2681 gates,
418 2607 504 2660 trans
514 2597 721 2680 Apenninum
736 2597 896 2660 Briniates
915 2598 1041 2661 fuerant
1058 2598 1141 2661 intra
1150 2597 1322 2661 Audenam

297 2712 434 2756 amnem.
477 2688 516 2752 P.
535 2689 665 2753 Mucius
684 2711 757 2752 cum
774 2694 812 2765 ts,
831 2690 888 2771 qui
904 2689 1032 2752 Lunam
1051 2690 1208 2771 Pisasque
1226 2690 1324 2773 depo-

297 2783 398 2871 pulati
417 2793 516 2859 erant,
535 2782 654 2847 bellum
672 2782 782 2868 gessit,
800 2782 1011 2865 omnibusque
1028 2782 1062 2845 in
1077 2782 1234 2846 dicionem
1251 2782 1323 2846 red-

298 2879 375 2942 actis
403 2900 491 2941 arma
513 2877 642 2942 ademit.
686 2876 728 2940 ob
752 2899 805 2941 eas
832 2900 883 2941 res
905 2876 939 2939 in
958 2874 1065 2942 Gallia
1082 2875 1321 2961 Liguribusque
1341 2892 1355 2939 2

298 2984 405 3056 gestas
432 2971 567 3035 duorum
590 2971 757 3036 consulum
784 2971 883 3036 ductu
910 2972 1115 3057 auspicioque
1139 2980 1266 3036 senatus
1288 2970 1322 3033 in

298 3066 438 3129 triduum
464 3065 709 3149 supplicationes
741 3064 881 3129 decrevit
907 3076 939 3129 et
970 3065 1182 3150 quadraginta
1210 3063 1320 3128 hostiis

298 3159 467 3222 sacrificari
484 3158 584 3222 iussit.
643 3168 646 3170 ’

362 3252 406 3316 Et
424 3252 578 3315 turnultus
596 3252 726 3335 quidem
736 3250 881 3317 Gallicus
900 3262 931 3316 et
945 3251 1145 3337 Ligustinus,
1164 3250 1220 3334 qui
1236 3250 1322 3335 prin·
1340 3268 1355 3314 3

298 3345 382 3429 cipio
400 3346 467 3409 eius
486 3345 562 3410 anni
579 3356 708 3410 exortus
726 3345 845 3421 fuerat,
869 3344 946 3412 haut
963 3366 1080 3429 magno
1099 3355 1216 3409 conatu
1233 3342 1323 3407 brevi

298 3460 469 3523 oppressus
493 3450 575 3514 erat3
603 3440 678 3503 belli
693 3438 897 3503 Macedonici
919 3438 1047 3504 subibat
1063 3440 1127 3502 iam
1146 3460 1236 3512 cura,
1262 3437 1322 3499 mi-
1340 3454 1356 3498 4

299 3543 406 3594 scente
427 3531 547 3595 Perseo
573 3531 655 3596 inter
681 3531 853 3595 Dardanos
875 3532 1113 3611 Bastarnasque
1140 3528 1320 3592 certamina.

300 3628 333 3686 et
349 3623 456 3705 legati,
474 3624 530 3705 qui
547 3623 635 3685 missi
652 3624 694 3686 ad
710 3646 760 3687 res
775 3624 922 3686 visendas
940 3623 973 3685 in
981 3622 1206 3686 Macedoniam
1223 3631 1321 3695 erant,

299 3716 365 3779 iam
394 3724 588 3778 reverterant
614 3714 751 3779 Romam
777 3715 1111 3797 renuntiaverantque,
1144 3713 1262 3777 bellum
1288 3713 1321 3775 in

299 3808 466 3874 Dardania
488 3830 567 3873 esse.
611 3809 706 3872 simul
729 3819 881 3873 venerant
903 3818 935 3871 et
957 3807 999 3872 ab
1022 3830 1097 3893 rege
1114 3808 1234 3872 Perseo
1252 3827 1354 3873 ora-5

299 3918 398 3981 tores,
425 3904 481 3988 qui
506 3914 681 3989 purgarent
706 3925 766 3967 nec
792 3903 909 3967 accitos
936 3904 976 3966 ab
1003 3926 1041 3968 eo
1063 3903 1235 3966 Bastarnas
1262 3924 1321 3967 nee
1360 3966 1361 3969 ,

300 4009 428 4063 auctore
455 4020 493 4063 eo
520 3998 692 4081 quicquam
717 3997 833 4062 facere.
879 4008 1007 4062 senatus
1033 4019 1093 4062 nec
1118 3996 1232 4060 liberat
1253 3994 1354 4061 eiust

299 4095 412 4177 culpae
434 4116 544 4178 regem
565 4115 669 4176 neque
691 4094 811 4179 arguit3
838 4092 959 4156 moneri
982 4115 1055 4157 eum
1080 4102 1203 4156 tantum
1224 4090 1320 4154 modo

299 4186 403 4261 iussit,
429 4198 466 4251 ut
482 4187 577 4251 etiarn
595 4198 690 4270 atque
709 4188 804 4251 etiarn
823 4197 961 4263 curaret,
985 4197 1021 4250 ut
1037 4195 1181 4253 sanctum
1203 4183 1320 4248 habere

352 4287 490 4330 ιιιιιοιιν.
1138 4285 1156 4338 2
