3384 4975
486 533 604 588 arnna
620 531 764 600 xxxxr,
784 533 808 584 τ.
822 533 848 586 s.
869 535 907 600 [a.
917 532 948 588 c.
958 535 1017 588 ua
1028 536 1091 603 177]
1284 521 1302 585 7

278 692 421 758 eiusdem
435 691 574 776 regionis
584 689 739 772 Hispanis
753 689 969 773 triumphavit.
997 693 1208 778 quadraginta
1219 693 1307 757 milia

279 788 386 871 pondo
404 785 529 869 argenti
543 781 594 846 Ti.
608 781 774 847 Gracchus
793 783 966 860 transtulit,
984 785 1097 869 viginti
1114 788 1201 852 milia
1214 787 1307 851 Albi-

278 904 349 945 nus.
393 877 547 942 militibus
575 874 721 937 denarios
748 875 862 956 quinos
887 875 1030 952 vicenos,
1058 879 1176 964 duplex
1198 895 1339 949 centu-3

278 973 377 1049 rioni,
404 970 520 1053 triplex
543 967 642 1050 equiti
664 967 758 1031 ambo
783 968 973 1046 diviserunt,
1000 972 1091 1034 sociis
1109 975 1307 1038 tantumdem

279 1075 436 1148 quantum
453 1061 617 1128 Romanis.

344 1157 411 1222 Per
432 1156 560 1221 eosdem
581 1155 664 1220 forte
687 1155 754 1219 dies
777 1155 826 1218 M.
849 1155 962 1221 Iunius
985 1158 1096 1223 consul
1118 1181 1159 1223 ex
1184 1159 1341 1226 Histriae

281 1251 479 1315 comitiorum
506 1272 603 1314 causa
625 1251 763 1314 Romam
788 1250 885 1316 venit.
934 1274 1008 1315 eum
1036 1272 1110 1316 cum
1136 1253 1170 1316 in
1196 1265 1341 1319 senatu5

280 1345 467 1430 fatigassent
491 1344 792 1429 interrogationibus
823 1345 943 1409 tribuni
969 1345 1072 1430 plebis
1099 1345 1248 1431 Papirius
1277 1358 1309 1411 et

280 1439 426 1503 Licinius
445 1438 485 1503 de
499 1437 558 1513 his,
578 1459 661 1520 quae
678 1437 845 1503 inHistria
859 1450 964 1504 essent
980 1451 1060 1517 acta,
1079 1440 1113 1504 in
1128 1441 1321 1505 contionem

278 1555 407 1617 quoque
428 1533 657 1618 produxerunt.
702 1531 847 1615 adquae
870 1555 943 1597 cum
966 1535 1076 1598 consul
1100 1557 1134 1598 se
1153 1534 1220 1599 dies
1243 1552 1341 1600 nono

280 1628 352 1712 plus
370 1627 520 1691 undecim
537 1626 570 1690 in
588 1648 628 1690 ea
644 1626 810 1711 provincia
827 1626 926 1691 fuisse
940 1628 1156 1712 responderet,
1175 1650 1306 1710 quaese

278 1719 411 1786 absente
429 1732 500 1785 acta
518 1731 639 1795 essent,
661 1743 695 1784 se
709 1738 856 1803 quoque,
878 1732 914 1785 ut
931 1721 1017 1797 illos,
1040 1720 1127 1786 fama
1145 1733 1308 1806 comperta

279 1814 413 1891 habere,
438 1814 694 1897 exsequebantur
716 1814 830 1879 deinde
853 1827 1057 1897 quaerentes,
1081 1817 1158 1898 quid
1180 1818 1225 1881 ita
1242 1836 1339 1880 nont

279 1909 384 1992 potius
402 1910 445 1972 A.
455 1909 598 1973 Manlius
612 1910 750 1974 Romam
768 1910 916 1987 venisset,
935 1922 971 1973 ut.
989 1911 1143 1974 rationem
1160 1911 1308 1975 redderet

279 2004 400 2087 populo
418 2003 579 2078 Romano,
602 2025 659 2066 our
677 2026 717 2066 ex
736 2001 844 2068 Gallia
861 2004 1039 2088 provincia,
1063 2026 1160 2086 quam
1178 2005 1306 2069 sortitus

280 2106 379 2172 esset,
402 2095 436 2158 in
453 2095 609 2158 Histriam
632 2097 810 2171 transisset,
833 2098 962 2179 quando
985 2097 1018 2160 id
1041 2097 1160 2161 bellum
1178 2109 1306 2162 senatus
1325 2115 1340 2162 8

202 2219 204 2223 ·
281 2190 482 2265 decrevisset,
501 2189 630 2271 quando
643 2189 677 2251 id
689 2189 809 2253 bellum
822 2191 961 2274 populus
971 2191 1135 2254 Romanus
1153 2191 1305 2255 iussisset.

279 2296 313 2348 at
339 2283 467 2347 hercule
498 2282 622 2367 privato
649 2283 779 2365 quidem
809 2282 940 2346 consilio
974 2282 1095 2346 bellum
1126 2295 1308 2368 susceptum

280 2400 365 2454 esse,
392 2377 449 2441 sed
475 2386 602 2460 gestum
627 2376 802 2460 prudenter
827 2376 1025 2459 fortiterque.
1076 2376 1173 2440 immo
1200 2388 1340 2444 utruma

280 2481 464 2555 susceptum
482 2470 523 2534 sit
540 2471 675 2553 nequius
699 2495 740 2535 an
761 2467 971 2536 inconsultius
994 2481 1135 2555 gestum,
1163 2471 1225 2535 dici
1242 2495 1307 2535 non

280 2587 385 2650 posse.
422 2564 573 2628 stationes
591 2565 671 2628 duas
689 2566 915 2649 necopinantes
934 2566 976 2629 ab
990 2566 1110 2629 Histris
1129 2588 1306 2654 oppressas,

281 2669 385 2725 castra
402 2658 549 2723 Romana
572 2668 679 2742 capta,
706 2657 792 2741 quod
815 2659 973 2741 peditum,
1000 2659 1087 2741 quod
1110 2659 1253 2739 equitum
1275 2659 1308 2721 in

280 2753 392 2817 castris
418 2751 524 2816 fuerit.
578 2762 698 2816 ceteros
729 2752 865 2815 inermes
897 2751 1065 2834 fusosque,
1097 2761 1171 2815 ante
1197 2772 1307 2815 omnes
1327 2769 1359 2817 10

279 2848 443 2920 consulem
464 2846 584 2931 ipsum,
612 2845 654 2909 ad
675 2868 763 2910 mare
787 2867 825 2910 ac
847 2868 945 2910 naves
969 2845 1100 2930 fugisse.
1148 2846 1308 2930 privatum

280 2941 435 3005 rationem
452 2940 651 3005 redditurum
673 2964 783 3006 earum
800 2963 908 3005 rerum
926 2962 1010 3018 esse,
1029 2940 1180 3023 quoniam
1198 2940 1308 3004 consul

238 3102 242 3112 ,
280 3034 442 3099 noluisset.
1002 3044 1005 3047 ⁴

344 3128 440 3194 VIII.
475 3126 613 3193 Comitia
645 3129 759 3194 deinde
791 3128 910 3194 habita.
964 3128 1110 3193 consules
1143 3128 1241 3192 creati
1269 3124 1340 3191 Gr

282 3220 439 3287 Claudius
457 3222 607 3299 Pulcher,
625 3224 676 3286 Ti.
688 3222 896 3309 Sempronius
916 3221 1093 3288 Gracchus.
1133 3235 1162 3287 et
1181 3235 1308 3305 postero

281 3317 332 3379 die
350 3326 511 3401 praetores
530 3316 660 3381 factiP.
671 3318 784 3382 Aelius
793 3318 924 3381 Tubero
941 3316 1067 3391 iterum,
1087 3314 1125 3379 O.
1137 3314 1307 3395 Quinctius

280 3410 497 3486 Flamininus,
517 3409 556 3475 C.
575 3412 756 3488 Numisius,
779 3413 820 3475 L.
838 3406 1032 3487 Mummius,
1057 3408 1118 3474 Gn.
1139 3407 1308 3473 Cornelius

283 3501 408 3585 Scipio,
433 3500 472 3566 C.
490 3504 639 3568 Valerius
657 3502 831 3569 Laevinus.
881 3503 1045 3567 Tuberoni
1067 3503 1190 3564 urbana
1216 3500 1342 3562 iuris-2

283 3594 390 3666 dictio,
409 3593 561 3672 Quinctio
578 3597 747 3678 peregrina
765 3596 879 3671 evenit,
898 3594 1045 3657 Numisio
1062 3592 1181 3667 Sicilia,
1200 3591 1309 3655 Mum-

283 3687 349 3751 mio
373 3684 536 3764 Sardinia3
563 3687 619 3750 sed
645 3709 683 3750 ca
709 3697 838 3772 propter
865 3686 940 3750 belli
962 3678 1213 3770 magnitudinem
1236 3706 1310 3768 pro·

283 3779 389 3844 vincia
407 3779 582 3843 consularis
600 3779 695 3843 facta
728 3778 895 3845 Gracchus
910 3802 981 3843 eam
997 3779 1134 3856 sortitur,
1153 3778 1309 3842 Histriam
1328 3794 1343 3841 3

285 3873 452 3941 Claudius.
498 3873 607 3958 Scipio
631 3885 664 3938 et
680 3874 844 3939 Laevinus
864 3873 1003 3939 Galliam
1025 3873 1058 3937 in
1077 3875 1156 3938 duas
1176 3874 1309 3938 divisam

284 3969 464 4056 provincias
484 3969 584 4034 sortiti
602 3979 686 4033 sunt.
722 3969 827 4032 idibus
845 3969 988 4047 Martiis,
1006 3990 1069 4052 quo
1089 3969 1139 4034 die
1159 3967 1344 4054 Sempro-4

283 4065 356 4129 nius
372 4060 590 4146 Claudiusque
608 4066 808 4129 consulatum
825 4064 973 4140 inierunt,
991 4064 1109 4128 mentio
1127 4076 1251 4129 tantum
1269 4064 1309 4127 de

285 4158 455 4242 provinciis
475 4156 625 4223 Sardinia
642 4159 827 4242 Histriaque
846 4169 877 4223 et
895 4159 1059 4241 utriusque
1076 4158 1219 4223 hostibus
1237 4157 1308 4231 fuit,

284 4250 401 4333 quiin
426 4251 476 4316 his
501 4252 671 4335 provinciis
698 4254 818 4318 bellum
845 4253 1064 4318 concivissent.
1107 4264 1235 4338 postero
1257 4249 1342 4314 dieo
