3384 4975
485 520 489 531 2
515 485 1096 557 nmnnxxxxn,caaarao.1u]
1279 473 1321 541 83
1440 458 1445 477 ⁸

295 647 455 732 extemplo
473 644 633 732 capiendi3
661 644 818 726 simulque
839 642 874 706 in
891 643 990 719 vallo,
1017 644 1059 708 ad
1080 655 1203 728 portas,
1230 645 1321 712 miles

294 743 466 808 instructus
489 749 566 804 erat.
611 734 712 823 [....]
731 746 763 800 et
784 735 982 800 inconsultae
1000 739 1245 823 oppugnationis
1268 762 1353 809 ca·5

295 849 433 903 atrorum
449 833 589 898 Perseus
607 841 639 896 et
661 830 820 914 extemplo
839 829 1026 915 circumegit
1042 831 1142 896 aciem
1166 844 1198 898 et
1218 834 1321 919 prima

294 930 525 1016 impedimenta
541 926 603 1000 ire,
622 923 737 989 deinde
754 923 898 1009 peditum
916 925 1008 1010 signa
1025 925 1101 991 ferri
1117 927 1217 991 iussit.
1253 927 1321 1013 ipse

297 1046 371 1089 cum
388 1020 533 1105 equitatu
550 1029 582 1084 et
598 1018 662 1084 levi
679 1029 839 1083 armatura
856 1018 997 1084 substitit
1014 1020 1056 1084 ad
1073 1043 1189 1106 agmen
1206 1043 1323 1107 cogen-

299 1117 391 1191 dum,
413 1124 515 1190 ratus,
538 1112 571 1177 id
588 1111 675 1196 quod
692 1111 822 1188 accidit,
844 1111 1044 1178 insecuturos
1063 1113 1104 1177 ad
1122 1124 1263 1179 extrema
1281 1115 1322 1178 ab

296 1220 388 1294 tergo
406 1207 563 1294 carpenda
585 1206 694 1271 hostis.
738 1207 835 1273 breve
859 1218 1018 1274 certamen
1041 1209 1119 1275 levis
1144 1219 1354 1275 armaturaeo

295 1302 434 1367 maxime
447 1323 521 1367 cum
534 1300 808 1386 procursatoribus
822 1301 897 1378 fnit3
917 1302 1038 1387 equites
1052 1303 1241 1390 peditesque
1255 1303 1322 1369 sine

294 1398 433 1462 tumultu
450 1397 484 1460 in
501 1406 605 1461 castra
622 1395 792 1461 redierunt.

359 1489 523 1555 Demessis
542 1489 626 1554 circa
643 1489 805 1576 segetibus
823 1490 961 1556 Romani
980 1492 1021 1556 ad
1040 1490 1222 1569 Crannona,
1239 1493 1320 1557 inta-
1340 1508 1353 1553 r

295 1597 382 1650 ctum
400 1607 528 1670 agrum,
558 1595 662 1649 castra
683 1596 823 1650 movent
868 1586 914 1650 ibi
932 1607 1005 1651 cum
1023 1587 1126 1651 securi
1144 1596 1176 1651 et
1193 1595 1322 1673 propter

295 1678 558 1764 longinquitatem
572 1689 604 1744 et
616 1679 687 1744 viae
701 1679 805 1765 inopis
818 1700 975 1763 aquarum
988 1679 1219 1756 difficultatem,
1238 1701 1321 1764 quae

295 1774 376 1838 inter
385 1771 558 1838 Sucurium
573 1784 605 1838 et
615 1771 787 1838 Crannona
801 1784 858 1849 est,
878 1773 992 1838 stativa
1009 1773 1172 1851 haberent,
1190 1785 1321 1858 repente
1339 1789 1354 1836 8

294 1866 397 1951 prima
418 1866 489 1931 luce
513 1865 537 1951 [
562 1863 577 1951 ]
604 1865 842 1932 imminentibus
869 1867 1000 1932 tumulis
1028 1869 1187 1951 equitatus
1213 1869 1321 1954 regius

295 1983 368 2024 cum
385 1959 449 2024 levi
462 1969 623 2023 armatura
635 1961 722 2024 visus
737 1961 900 2045 ingentem
916 1962 1087 2026 tumultum
1105 1961 1190 2027 fecit.
1218 1961 1321 2046 pridie

294 2075 353 2138 per
368 2051 533 2117 meridiem
550 2051 685 2136 profecti
703 2054 744 2116 ab
763 2052 899 2118 Sucurio
918 2064 1023 2130 erant3
1042 2053 1186 2142 peditum
1204 2077 1321 2140 agmen

285 2145 356 2209 ,sub
374 2143 446 2209 luce
460 2145 654 2229 reliquerant
669 2145 703 2207 in
716 2165 874 2229 proxuma
891 2146 1030 2229 planitie.
1059 2147 1143 2210 stetit
1160 2147 1323 2231 paulisper
1341 2162 1355 2207 9

294 2239 329 2302 in
354 2237 499 2314 tumulis,
525 2237 597 2302 elici
620 2258 714 2322 posse
736 2247 824 2302 ratus
848 2238 889 2302 ad
912 2248 1057 2322 equestre
1080 2248 1240 2304 certamen
1257 2237 1324 2304 Ro-

294 2352 421 2408 manos3
442 2330 476 2394 hi
497 2341 666 2415 postquam
688 2330 767 2396 nihil
785 2333 973 2409 movebant,
997 2331 1136 2416 equitem
1153 2332 1249 2397 mittit
1267 2331 1321 2416 qui

294 2423 416 2510 pedites
433 2423 552 2490 referre
574 2425 615 2489 ad
633 2423 806 2491 Sucurium
824 2425 917 2513 signa
934 2427 1074 2503 iuberet,
1094 2426 1162 2513 ipse
1180 2447 1256 2491 mox
1273 2425 1321 2491 in-

296 2528 433 2583 secutus.
485 2517 623 2583 Romani
646 2520 766 2603 equites
793 2522 919 2586 modico
946 2520 1112 2585 intervallo
1140 2530 1319 2605 sequentes,
1340 2536 1371 2585 10

294 2611 398 2676 sicubi
421 2632 547 2695 sparsos
566 2632 604 2676 ac
627 2611 795 2697 dissipatos
816 2614 967 2678 invadere
984 2624 1129 2698 possent,
1151 2624 1322 2698 postquam

295 2705 453 2770 confertos
472 2705 574 2780 abire,
602 2705 694 2790 signa
716 2716 811 2790 atque
830 2706 957 2770 ordines
980 2715 1141 2770 servantes
1164 2705 1321 2781 viderunt,

296 2810 326 2863 et
343 2799 404 2883 ipsi
422 2799 457 2863 in
474 2809 578 2863 castra
594 2799 739 2865 redeunt.

359 2891 470 2958 LXV.
502 2893 583 2958 Inde
609 2892 750 2957 offensus
781 2892 1015 2978 longinquitate
1046 2893 1166 2958 itineris
1197 2914 1254 2957 rex
1280 2892 1321 2958 ad
1341 2912 1353 2958 1

295 2986 459 3071 Mopsium
482 2998 585 3051 castra
607 2988 721 3064 movit,
751 2996 783 3053 et
804 2986 942 3053 Romani
965 2987 1118 3053 demessis
1141 2983 1321 3051 Crannonis

296 3080 455 3165 segetibus
473 3081 507 3144 in
524 3080 767 3147 Phalannaeum
785 3102 899 3166 agrum
918 3092 1092 3148 transeunt·
1124 3081 1260 3147 ibicum
1279 3102 1319 3146 ex
1339 3097 1352 3142 2

295 3175 462 3259 transfuga
474 3186 643 3261 cognosset
659 3198 716 3242 rex
729 3177 797 3242 sine
811 3175 876 3241 ullo
892 3185 1012 3241 armato
1030 3175 1188 3261 praesidio
1202 3176 1321 3261 passim

295 3268 440 3354 vagantis
458 3291 516 3354 per
533 3291 627 3355 agros
645 3268 809 3335 Romanos
826 3286 960 3345 metere,
979 3292 1051 3335 cum
1071 3266 1187 3354 [mille]
1207 3268 1321 3352 equiti·

294 3363 370 3438 bus,
393 3362 518 3426 duobus
540 3363 668 3427 milibus
686 3364 850 3428 Thracum
873 3373 905 3428 et
923 3360 1125 3427 Cretensium
1147 3362 1319 3446 profectus,

295 3478 369 3520 cum
387 3465 543 3537 quantum
561 3456 740 3520 adcelerare
757 3466 883 3539 poterat
900 3455 1002 3519 effuso
1021 3455 1149 3537 agmine
1166 3455 1256 3528 isset,
1274 3454 1321 3515 in·
1351 3503 1354 3507 .

295 3546 422 3632 proviso
441 3547 611 3629 adgressus
629 3559 678 3612 est
695 3549 869 3611 Romanos.
913 3547 1022 3610 iuncta
1039 3545 1199 3619 vehicula,
1217 3546 1320 3627 plera·
1339 3560 1353 3605 3

295 3660 359 3723 que
385 3648 515 3711 onusta,
540 3638 626 3702 mille
652 3638 826 3703 admodum
852 3639 1034 3724 capiuntur,
1061 3636 1196 3701 sescenti
1222 3635 1321 3700 ferme

295 3731 450 3798 homines.
477 3729 630 3816 praedam
648 3731 888 3819 custodiendam
908 3729 1150 3813 ducendamque
1166 3729 1200 3793 in
1218 3739 1355 3793 castrat

295 3826 444 3894 trecentis
458 3823 660 3912 Cretensium
678 3825 778 3890 dedit:
796 3825 865 3910 ipse
883 3835 1030 3891 revocato
1049 3824 1089 3888 ab
1104 3823 1207 3888 effusa
1224 3822 1321 3887 caede
1340 3840 1354 3886 5

296 3922 402 4007 equite
416 3933 448 3988 et
465 3922 595 4005 reliquis
612 3921 756 4008 peditum
772 3918 860 3986 ducit
873 3920 913 3985 ad
927 3920 1108 4005 proximum
1117 3918 1319 4004 praesidium,

295 4029 383 4084 ratus
401 4017 479 4082 hant
492 4037 610 4102 magno
625 4015 796 4082 certamine
811 4014 949 4102 opprimi
966 4035 1068 4100 posse.
1096 4014 1136 4078 L.
1146 4013 1319 4099 Pompeius
1338 4030 1352 4078 o

296 4113 441 4177 tribunus
454 4112 591 4176 militum
604 4120 759 4197 praeerat,
777 4110 833 4196 qui
847 4109 1011 4195 perculsos
1024 4108 1139 4173 milites
1156 4106 1320 4193 repentino

296 4205 434 4273 hostium
452 4206 591 4272 adventu
609 4207 643 4272 in
659 4205 873 4293 propinquum
892 4204 1049 4269 tumulum
1063 4202 1190 4356 recppit,
1208 4202 1270 4267 looi
1287 4222 1320 4264 se
