<?xml version="1.0" encoding="UTF-8"?>
<!DOCTYPE html PUBLIC "-//W3C//DTD XHTML 1.0 Transitional//EN"
    "http://www.w3.org/TR/xhtml1/DTD/xhtml1-transitional.dtd">
<html xmlns="http://www.w3.org/1999/xhtml" xml:lang="en" lang="en">
 <head>
  <title>
</title>
<meta http-equiv="Content-Type" content="text/html;charset=utf-8" />
  <meta name='ocr-system' content='tesseract 3.04.00' />
  <meta name='ocr-capabilities' content='ocr_page ocr_carea ocr_par ocr_line ocrx_word'/>
</head>
<body>
  <div class='ocr_page' id='page_1' title='image "./titiliviaburbec04livygoog_0185.png"; bbox 0 0 3384 4975; ppageno 0'>
   <div class='ocr_carea' id='block_1_1' title="bbox 393 504 1327 588">
    <p class='ocr_par' dir='ltr' id='par_1_1' title="bbox 393 504 1327 588">
     <span class='ocr_line' id='line_1_1' title="bbox 393 504 1327 588; baseline -0.011 -10"><span class='ocrx_word' id='word_1_1' title='bbox 393 546 395 549; x_wconf 92' lang='lat'>·</span> <span class='ocrx_word' id='word_1_2' title='bbox 506 521 624 577; x_wconf 82' lang='lat' dir='ltr'>LIBER</span> <span class='ocrx_word' id='word_1_3' title='bbox 641 520 797 588; x_wconf 86' lang='lat' dir='ltr'>XXXXV,</span> <span class='ocrx_word' id='word_1_4' title='bbox 817 517 929 572; x_wconf 82' lang='lat'>13-15.</span> <span class='ocrx_word' id='word_1_5' title='bbox 948 522 988 583; x_wconf 88' lang='lat' dir='ltr'>[a.</span> <span class='ocrx_word' id='word_1_6' title='bbox 998 515 1029 572; x_wconf 82' lang='lat' dir='ltr'>C.</span> <span class='ocrx_word' id='word_1_7' title='bbox 1039 514 1102 586; x_wconf 82' lang='grc'>168]</span> <span class='ocrx_word' id='word_1_8' title='bbox 1263 504 1327 569; x_wconf 82' lang='grc'>163</span> 
     </span>
    </p>
   </div>
   <div class='ocr_carea' id='block_1_2' title="bbox 291 675 1377 4249">
    <p class='ocr_par' dir='ltr' id='par_1_2' title="bbox 291 675 1377 1610">
     <span class='ocr_line' id='line_1_2' title="bbox 296 675 1377 761; baseline -0.004 -14"><span class='ocrx_word' id='word_1_9' title='bbox 296 681 439 749; x_wconf 82' lang='lat' dir='ltr'>dederint</span> <span class='ocrx_word' id='word_1_10' title='bbox 457 703 537 746; x_wconf 89' lang='lat' dir='ltr'>esse.</span> <span class='ocrx_word' id='word_1_11' title='bbox 581 698 707 743; x_wconf 90' lang='lat' dir='ltr'>sumere</span> <span class='ocrx_word' id='word_1_12' title='bbox 730 676 839 759; x_wconf 88' lang='lat' dir='ltr'>itaque</span> <span class='ocrx_word' id='word_1_13' title='bbox 857 696 912 739; x_wconf 91' lang='lat' dir='ltr'>eos</span> <span class='ocrx_word' id='word_1_14' title='bbox 931 675 971 738; x_wconf 90' lang='lat' dir='ltr'>de</span> <span class='ocrx_word' id='word_1_15' title='bbox 989 696 1039 751; x_wconf 92' lang='lat' dir='ltr'>se,</span> <span class='ocrx_word' id='word_1_16' title='bbox 1057 695 1122 738; x_wconf 90' lang='lat' dir='ltr'>non</span> <span class='ocrx_word' id='word_1_17' title='bbox 1138 697 1253 761; x_wconf 86' lang='lat' dir='ltr'>rogare</span> <span class='ocrx_word' id='word_1_18' title='bbox 1271 698 1325 742; x_wconf 91' lang='lat' dir='ltr'>ae·</span> <span class='ocrx_word' id='word_1_19' title='bbox 1345 696 1377 743; x_wconf 81' lang='lat'>16</span> 
     </span>
     <span class='ocr_line' id='line_1_3' title="bbox 291 768 1321 860; baseline -0.006 -19"><span class='ocrx_word' id='word_1_20' title='bbox 291 772 394 860; x_wconf 60' lang='lat' dir='ltr'>&#39;quom</span> <span class='ocrx_word' id='word_1_21' title='bbox 412 796 492 850; x_wconf 91' lang='lat' dir='ltr'>esse,</span> <span class='ocrx_word' id='word_1_22' title='bbox 510 792 616 854; x_wconf 91' lang='lat' dir='ltr'>neque</span> <span class='ocrx_word' id='word_1_23' title='bbox 635 791 740 834; x_wconf 89' lang='lat' dir='ltr'>emere</span> <span class='ocrx_word' id='word_1_24' title='bbox 757 791 796 834; x_wconf 91' lang='lat' dir='ltr'>ea</span> <span class='ocrx_word' id='word_1_25' title='bbox 812 791 854 833; x_wconf 84' lang='lat' dir='ltr'>ex</span> <span class='ocrx_word' id='word_1_26' title='bbox 871 768 1028 833; x_wconf 85' lang='lat' dir='ltr'>fructibus</span> <span class='ocrx_word' id='word_1_27' title='bbox 1047 768 1115 853; x_wconf 91' lang='lat' dir='ltr'>agri</span> <span class='ocrx_word' id='word_1_28' title='bbox 1133 769 1174 834; x_wconf 88' lang='lat' dir='ltr'>ab</span> <span class='ocrx_word' id='word_1_29' title='bbox 1192 793 1227 835; x_wconf 87' lang='lat' dir='ltr'>se</span> <span class='ocrx_word' id='word_1_30' title='bbox 1245 771 1321 848; x_wconf 89' lang='lat' dir='ltr'>dati,</span> 
     </span>
     <span class='ocr_line' id='line_1_4' title="bbox 295 862 1324 954; baseline -0.007 -19"><span class='ocrx_word' id='word_1_31' title='bbox 295 892 379 954; x_wconf 90' lang='lat' dir='ltr'>quae</span> <span class='ocrx_word' id='word_1_32' title='bbox 396 868 443 932; x_wconf 92' lang='lat' dir='ltr'>ibi</span> <span class='ocrx_word' id='word_1_33' title='bbox 459 867 580 952; x_wconf 88' lang='lat' dir='ltr'>populo</span> <span class='ocrx_word' id='word_1_34' title='bbox 597 864 744 928; x_wconf 84' lang='lat' dir='ltr'>Romano</span> <span class='ocrx_word' id='word_1_35' title='bbox 762 863 959 947; x_wconf 89' lang='lat' dir='ltr'>proveniant.</span> <span class='ocrx_word' id='word_1_36' title='bbox 986 862 1020 926; x_wconf 93' lang='lat' dir='ltr'>id</span> <span class='ocrx_word' id='word_1_37' title='bbox 1037 862 1230 928; x_wconf 79' lang='lat' dir='ltr'>Masinissae</span> <span class='ocrx_word' id='word_1_38' title='bbox 1248 866 1324 930; x_wconf 89' lang='lat' dir='ltr'>satis</span> 
     </span>
     <span class='ocr_line' id='line_1_5' title="bbox 296 957 1376 1043; baseline -0.004 -15"><span class='ocrx_word' id='word_1_39' title='bbox 296 985 367 1028; x_wconf 89' lang='lat' dir='ltr'>esse</span> <span class='ocrx_word' id='word_1_40' title='bbox 385 972 417 1026; x_wconf 91' lang='lat' dir='ltr'>et</span> <span class='ocrx_word' id='word_1_41' title='bbox 434 961 518 1035; x_wconf 88' lang='lat' dir='ltr'>fore,</span> <span class='ocrx_word' id='word_1_42' title='bbox 545 958 633 1042; x_wconf 91' lang='lat' dir='ltr'>quod</span> <span class='ocrx_word' id='word_1_43' title='bbox 659 957 779 1043; x_wconf 91' lang='lat' dir='ltr'>populo</span> <span class='ocrx_word' id='word_1_44' title='bbox 800 957 947 1022; x_wconf 89' lang='lat' dir='ltr'>Romano</span> <span class='ocrx_word' id='word_1_45' title='bbox 971 967 1159 1041; x_wconf 78' lang='lat' dir='ltr'>superesset.</span> <span class='ocrx_word' id='word_1_46' title='bbox 1192 979 1266 1022; x_wconf 91' lang='lat' dir='ltr'>oum</span> <span class='ocrx_word' id='word_1_47' title='bbox 1286 960 1325 1023; x_wconf 89' lang='lat' dir='ltr'>iis</span> <span class='ocrx_word' id='word_1_48' title='bbox 1345 979 1376 1025; x_wconf 76' lang='lat'>17</span> 
     </span>
     <span class='ocr_line' id='line_1_6' title="bbox 296 1052 1326 1139; baseline -0.003 -19"><span class='ocrx_word' id='word_1_49' title='bbox 296 1053 457 1120; x_wconf 89' lang='lat' dir='ltr'>mandatis</span> <span class='ocrx_word' id='word_1_50' title='bbox 480 1062 611 1139; x_wconf 82' lang='lat' dir='ltr'>epatre</span> <span class='ocrx_word' id='word_1_51' title='bbox 637 1052 817 1137; x_wconf 87' lang='lat' dir='ltr'>profectum</span> <span class='ocrx_word' id='word_1_52' title='bbox 842 1062 955 1137; x_wconf 88' lang='lat' dir='ltr'>postea</span> <span class='ocrx_word' id='word_1_53' title='bbox 980 1061 1166 1116; x_wconf 89' lang='lat' dir='ltr'>consecutos</span> <span class='ocrx_word' id='word_1_54' title='bbox 1193 1052 1326 1135; x_wconf 86' lang='lat' dir='ltr'>equites,</span> 
     </span>
     <span class='ocr_line' id='line_1_7' title="bbox 299 1145 1328 1232; baseline -0.001 -20"><span class='ocrx_word' id='word_1_55' title='bbox 299 1149 355 1232; x_wconf 89' lang='lat' dir='ltr'>qui</span> <span class='ocrx_word' id='word_1_56' title='bbox 373 1147 531 1214; x_wconf 87' lang='lat' dir='ltr'>devictam</span> <span class='ocrx_word' id='word_1_57' title='bbox 547 1146 773 1210; x_wconf 90' lang='lat' dir='ltr'>Macedoniam</span> <span class='ocrx_word' id='word_1_58' title='bbox 790 1146 974 1210; x_wconf 85' lang='lat' dir='ltr'>nuntiarent</span> <span class='ocrx_word' id='word_1_59' title='bbox 995 1145 1255 1232; x_wconf 85' lang='lat' dir='ltr'>gratulatumque</span> <span class='ocrx_word' id='word_1_60' title='bbox 1278 1169 1328 1211; x_wconf 90' lang='lat' dir='ltr'>se-</span> 
     </span>
     <span class='ocr_line' id='line_1_8' title="bbox 297 1239 1327 1325; baseline -0.004 -18"><span class='ocrx_word' id='word_1_61' title='bbox 297 1243 388 1307; x_wconf 90' lang='lat' dir='ltr'>natui</span> <span class='ocrx_word' id='word_1_62' title='bbox 404 1241 550 1306; x_wconf 91' lang='lat' dir='ltr'>iuberent</span> <span class='ocrx_word' id='word_1_63' title='bbox 562 1239 713 1316; x_wconf 87' lang='lat' dir='ltr'>indicare,</span> <span class='ocrx_word' id='word_1_64' title='bbox 728 1251 835 1305; x_wconf 86' lang='lat' dir='ltr'>tantae</span> <span class='ocrx_word' id='word_1_65' title='bbox 850 1263 920 1305; x_wconf 91' lang='lat' dir='ltr'>eam</span> <span class='ocrx_word' id='word_1_66' title='bbox 934 1263 1003 1305; x_wconf 90' lang='lat' dir='ltr'>rem</span> <span class='ocrx_word' id='word_1_67' title='bbox 1020 1240 1158 1305; x_wconf 89' lang='lat' dir='ltr'>laetitiae</span> <span class='ocrx_word' id='word_1_68' title='bbox 1172 1239 1256 1325; x_wconf 91' lang='lat' dir='ltr'>patri</span> <span class='ocrx_word' id='word_1_69' title='bbox 1269 1261 1327 1305; x_wconf 93' lang='lat' dir='ltr'>suo</span> 
     </span>
     <span class='ocr_line' id='line_1_9' title="bbox 297 1334 1329 1420; baseline -0.002 -20"><span class='ocrx_word' id='word_1_70' title='bbox 297 1358 381 1412; x_wconf 90' lang='lat' dir='ltr'>esse,</span> <span class='ocrx_word' id='word_1_71' title='bbox 405 1346 442 1401; x_wconf 90' lang='lat' dir='ltr'>ut</span> <span class='ocrx_word' id='word_1_72' title='bbox 459 1335 597 1399; x_wconf 85' lang='lat' dir='ltr'>Romam</span> <span class='ocrx_word' id='word_1_73' title='bbox 619 1335 727 1401; x_wconf 86' lang='lat' dir='ltr'>venire</span> <span class='ocrx_word' id='word_1_74' title='bbox 745 1335 823 1400; x_wconf 88' lang='lat' dir='ltr'>velit</span> <span class='ocrx_word' id='word_1_75' title='bbox 839 1334 976 1419; x_wconf 90' lang='lat' dir='ltr'>Iovique</span> <span class='ocrx_word' id='word_1_76' title='bbox 999 1335 1118 1420; x_wconf 91' lang='lat' dir='ltr'>optimo</span> <span class='ocrx_word' id='word_1_77' title='bbox 1136 1334 1278 1400; x_wconf 87' lang='lat' dir='ltr'>maximo</span> <span class='ocrx_word' id='word_1_78' title='bbox 1295 1334 1329 1398; x_wconf 90' lang='lat' dir='ltr'>in</span> 
     </span>
     <span class='ocr_line' id='line_1_10' title="bbox 297 1428 1328 1516; baseline -0.003 -21"><span class='ocrx_word' id='word_1_79' title='bbox 297 1428 458 1516; x_wconf 85' lang='lat' dir='ltr'>Capitolio</span> <span class='ocrx_word' id='word_1_80' title='bbox 481 1429 660 1495; x_wconf 90' lang='lat' dir='ltr'>sacrificare</span> <span class='ocrx_word' id='word_1_81' title='bbox 678 1440 710 1497; x_wconf 90' lang='lat' dir='ltr'>et</span> <span class='ocrx_word' id='word_1_82' title='bbox 731 1442 839 1515; x_wconf 87' lang='lat' dir='ltr'>grates</span> <span class='ocrx_word' id='word_1_83' title='bbox 863 1453 957 1516; x_wconf 87' lang='lat' dir='ltr'>agere</span> <span class='ocrx_word' id='word_1_84' title='bbox 964 1454 973 1508; x_wconf 87' lang='lat'><em>3</em></span> <span class='ocrx_word' id='word_1_85' title='bbox 1000 1430 1050 1508; x_wconf 90' lang='lat' dir='ltr'>id,</span> <span class='ocrx_word' id='word_1_86' title='bbox 1077 1430 1139 1494; x_wconf 90' lang='lat' dir='ltr'>nisi</span> <span class='ocrx_word' id='word_1_87' title='bbox 1157 1431 1328 1495; x_wconf 90' lang='lat' dir='ltr'>molestum</span> 
     </span>
     <span class='ocr_line' id='line_1_11' title="bbox 298 1524 994 1610; baseline 0.001 -22"><span class='ocrx_word' id='word_1_88' title='bbox 298 1525 348 1602; x_wconf 88' lang='lat' dir='ltr'>sit,</span> <span class='ocrx_word' id='word_1_89' title='bbox 366 1537 402 1589; x_wconf 87' lang='lat' dir='ltr'>ut</span> <span class='ocrx_word' id='word_1_90' title='bbox 420 1524 450 1588; x_wconf 92' lang='lat' dir='ltr'>ei</span> <span class='ocrx_word' id='word_1_91' title='bbox 466 1525 668 1609; x_wconf 87' lang='lat' dir='ltr'>permittatur</span> <span class='ocrx_word' id='word_1_92' title='bbox 685 1524 727 1590; x_wconf 89' lang='lat' dir='ltr'>ab</span> <span class='ocrx_word' id='word_1_93' title='bbox 744 1534 859 1590; x_wconf 89' lang='lat' dir='ltr'>senatu</span> <span class='ocrx_word' id='word_1_94' title='bbox 876 1535 994 1610; x_wconf 88' lang='lat' dir='ltr'>petere.</span> 
     </span>
    </p>

    <p class='ocr_par' dir='ltr' id='par_1_3' title="bbox 296 1619 1365 4249">
     <span class='ocr_line' id='line_1_12' title="bbox 361 1619 1361 1707; baseline -0.003 -23"><span class='ocrx_word' id='word_1_95' title='bbox 361 1619 480 1684; x_wconf 82' lang='lat' dir='ltr'>XIIII.</span> <span class='ocrx_word' id='word_1_96' title='bbox 507 1620 711 1705; x_wconf 87' lang='lat' dir='ltr'>Responsum</span> <span class='ocrx_word' id='word_1_97' title='bbox 723 1621 835 1706; x_wconf 88' lang='lat' dir='ltr'>regulo</span> <span class='ocrx_word' id='word_1_98' title='bbox 845 1631 903 1697; x_wconf 90' lang='lat' dir='ltr'>est,</span> <span class='ocrx_word' id='word_1_99' title='bbox 917 1621 1023 1686; x_wconf 86' lang='lat' dir='ltr'>facere</span> <span class='ocrx_word' id='word_1_100' title='bbox 1036 1631 1161 1707; x_wconf 90' lang='lat' dir='ltr'>patrem</span> <span class='ocrx_word' id='word_1_101' title='bbox 1175 1620 1243 1686; x_wconf 90' lang='lat' dir='ltr'>eius</span> <span class='ocrx_word' id='word_1_102' title='bbox 1252 1620 1327 1685; x_wconf 92' lang='lat' dir='ltr'>Ma·</span> <span class='ocrx_word' id='word_1_103' title='bbox 1347 1635 1361 1681; x_wconf 90' lang='lat'>1</span> 
     </span>
     <span class='ocr_line' id='line_1_13' title="bbox 298 1713 1327 1800; baseline 0.001 -22"><span class='ocrx_word' id='word_1_104' title='bbox 298 1713 444 1779; x_wconf 87' lang='lat' dir='ltr'>sinissam</span> <span class='ocrx_word' id='word_1_105' title='bbox 466 1714 554 1797; x_wconf 93' lang='lat' dir='ltr'>quod</span> <span class='ocrx_word' id='word_1_106' title='bbox 576 1715 680 1779; x_wconf 87' lang='lat' dir='ltr'>virum</span> <span class='ocrx_word' id='word_1_107' title='bbox 706 1726 835 1800; x_wconf 86' lang='lat' dir='ltr'>gratum</span> <span class='ocrx_word' id='word_1_108' title='bbox 860 1715 1044 1799; x_wconf 90' lang='lat' dir='ltr'>bonumque</span> <span class='ocrx_word' id='word_1_109' title='bbox 1070 1714 1177 1780; x_wconf 87' lang='lat' dir='ltr'>facere</span> <span class='ocrx_word' id='word_1_110' title='bbox 1205 1714 1327 1792; x_wconf 86' lang='lat' dir='ltr'>deceat,</span> 
     </span>
     <span class='ocr_line' id='line_1_14' title="bbox 296 1807 1362 1894; baseline 0.001 -23"><span class='ocrx_word' id='word_1_111' title='bbox 296 1819 333 1872; x_wconf 87' lang='lat' dir='ltr'>ut</span> <span class='ocrx_word' id='word_1_112' title='bbox 350 1808 487 1892; x_wconf 86' lang='lat' dir='ltr'>pretium</span> <span class='ocrx_word' id='word_1_113' title='bbox 502 1807 722 1893; x_wconf 75' lang='lat' dir='ltr'>&#39;honoremque</span> <span class='ocrx_word' id='word_1_114' title='bbox 740 1809 849 1874; x_wconf 88' lang='lat' dir='ltr'>debito</span> <span class='ocrx_word' id='word_1_115' title='bbox 865 1810 1149 1875; x_wconf 86' lang='lat' dir='ltr'>beneficio-addat:</span> <span class='ocrx_word' id='word_1_116' title='bbox 1174 1819 1207 1873; x_wconf 91' lang='lat' dir='ltr'>et</span> <span class='ocrx_word' id='word_1_117' title='bbox 1223 1831 1327 1894; x_wconf 91' lang='lat' dir='ltr'>popu·</span> <span class='ocrx_word' id='word_1_118' title='bbox 1346 1826 1362 1872; x_wconf 81' lang='lat'>2</span> 
     </span>
     <span class='ocr_line' id='line_1_15' title="bbox 296 1901 1328 1988; baseline 0.001 -23"><span class='ocrx_word' id='word_1_119' title='bbox 296 1901 366 1965; x_wconf 89' lang='lat' dir='ltr'>lum</span> <span class='ocrx_word' id='word_1_120' title='bbox 382 1901 564 1965; x_wconf 86' lang='lat' dir='ltr'>Romanum</span> <span class='ocrx_word' id='word_1_121' title='bbox 586 1903 628 1966; x_wconf 90' lang='lat' dir='ltr'>ab</span> <span class='ocrx_word' id='word_1_122' title='bbox 652 1924 690 1966; x_wconf 89' lang='lat' dir='ltr'>eo</span> <span class='ocrx_word' id='word_1_123' title='bbox 708 1902 791 1967; x_wconf 89' lang='lat' dir='ltr'>bello</span> <span class='ocrx_word' id='word_1_124' title='bbox 809 1902 935 1968; x_wconf 89' lang='lat' dir='ltr'>Punico</span> <span class='ocrx_word' id='word_1_125' title='bbox 958 1903 1034 1967; x_wconf 87' lang='lat' dir='ltr'>forti</span> <span class='ocrx_word' id='word_1_126' title='bbox 1055 1904 1206 1987; x_wconf 88' lang='lat' dir='ltr'>fidelique</span> <span class='ocrx_word' id='word_1_127' title='bbox 1230 1924 1328 1988; x_wconf 89' lang='lat' dir='ltr'>opera</span> 
     </span>
     <span class='ocr_line' id='line_1_16' title="bbox 299 1993 1328 2082; baseline 0.004 -25"><span class='ocrx_word' id='word_1_128' title='bbox 299 1993 458 2070; x_wconf 86' lang='lat' dir='ltr'>adiutum,</span> <span class='ocrx_word' id='word_1_129' title='bbox 482 2004 514 2058; x_wconf 88' lang='lat' dir='ltr'>et</span> <span class='ocrx_word' id='word_1_130' title='bbox 536 1995 627 2059; x_wconf 92' lang='lat' dir='ltr'>illum</span> <span class='ocrx_word' id='word_1_131' title='bbox 645 1996 773 2060; x_wconf 88' lang='lat' dir='ltr'>favente</span> <span class='ocrx_word' id='word_1_132' title='bbox 796 1999 915 2081; x_wconf 88' lang='lat' dir='ltr'>populo</span> <span class='ocrx_word' id='word_1_133' title='bbox 933 1997 1080 2061; x_wconf 87' lang='lat' dir='ltr'>Romano</span> <span class='ocrx_word' id='word_1_134' title='bbox 1097 2020 1235 2082; x_wconf 85' lang='lat' dir='ltr'>regnum</span> <span class='ocrx_word' id='word_1_135' title='bbox 1253 1998 1328 2061; x_wconf 92' lang='lat' dir='ltr'>ade-</span> 
     </span>
     <span class='ocr_line' id='line_1_17' title="bbox 299 2088 1329 2174; baseline 0.001 -23"><span class='ocrx_word' id='word_1_136' title='bbox 299 2099 406 2174; x_wconf 84' lang='lat' dir='ltr'>ptum3</span> <span class='ocrx_word' id='word_1_137' title='bbox 433 2109 535 2170; x_wconf 91' lang='lat' dir='ltr'>aeque</span> <span class='ocrx_word' id='word_1_138' title='bbox 558 2088 654 2152; x_wconf 90' lang='lat' dir='ltr'>tantis</span> <span class='ocrx_word' id='word_1_139' title='bbox 677 2099 788 2173; x_wconf 90' lang='lat' dir='ltr'>postea</span> <span class='ocrx_word' id='word_1_140' title='bbox 810 2091 906 2152; x_wconf 90' lang='lat' dir='ltr'>trium</span> <span class='ocrx_word' id='word_1_141' title='bbox 929 2112 1042 2173; x_wconf 89' lang='lat' dir='ltr'>regum</span> <span class='ocrx_word' id='word_1_142' title='bbox 1064 2091 1155 2153; x_wconf 92' lang='lat' dir='ltr'>bellis</span> <span class='ocrx_word' id='word_1_143' title='bbox 1179 2090 1329 2173; x_wconf 87' lang='lat' dir='ltr'>deinceps</span> 
     </span>
     <span class='ocr_line' id='line_1_18' title="bbox 300 2182 1365 2268; baseline -0.001 -22"><span class='ocrx_word' id='word_1_144' title='bbox 300 2182 448 2246; x_wconf 92' lang='lat' dir='ltr'>omnibus</span> <span class='ocrx_word' id='word_1_145' title='bbox 467 2203 541 2246; x_wconf 89' lang='lat' dir='ltr'>eum</span> <span class='ocrx_word' id='word_1_146' title='bbox 559 2183 706 2247; x_wconf 90' lang='lat' dir='ltr'>functum</span> <span class='ocrx_word' id='word_1_147' title='bbox 725 2182 848 2247; x_wconf 86' lang='lat' dir='ltr'>officiis.</span> <span class='ocrx_word' id='word_1_148' title='bbox 892 2182 1025 2247; x_wconf 88' lang='lat' dir='ltr'>victoria</span> <span class='ocrx_word' id='word_1_149' title='bbox 1042 2205 1117 2246; x_wconf 89' lang='lat' dir='ltr'>vero</span> <span class='ocrx_word' id='word_1_150' title='bbox 1135 2182 1247 2268; x_wconf 91' lang='lat' dir='ltr'>populi</span> <span class='ocrx_word' id='word_1_151' title='bbox 1263 2183 1330 2246; x_wconf 85' lang='lat' dir='ltr'>Ro·</span> <span class='ocrx_word' id='word_1_152' title='bbox 1348 2199 1365 2245; x_wconf 74' lang='lat' dir='ltr'>a</span> 
     </span>
     <span class='ocr_line' id='line_1_19' title="bbox 297 2276 1331 2363; baseline 0 -23"><span class='ocrx_word' id='word_1_153' title='bbox 297 2277 387 2340; x_wconf 91' lang='lat' dir='ltr'>mani</span> <span class='ocrx_word' id='word_1_154' title='bbox 403 2276 516 2340; x_wconf 89' lang='lat' dir='ltr'>laetari</span> <span class='ocrx_word' id='word_1_155' title='bbox 532 2299 605 2342; x_wconf 91' lang='lat' dir='ltr'>eum</span> <span class='ocrx_word' id='word_1_156' title='bbox 623 2299 732 2363; x_wconf 89' lang='lat' dir='ltr'>regern</span> <span class='ocrx_word' id='word_1_157' title='bbox 750 2277 864 2341; x_wconf 91' lang='lat' dir='ltr'>mirum</span> <span class='ocrx_word' id='word_1_158' title='bbox 881 2299 945 2341; x_wconf 91' lang='lat' dir='ltr'>non</span> <span class='ocrx_word' id='word_1_159' title='bbox 963 2299 1044 2353; x_wconf 89' lang='lat' dir='ltr'>esse,</span> <span class='ocrx_word' id='word_1_160' title='bbox 1061 2276 1117 2360; x_wconf 93' lang='lat' dir='ltr'>qui</span> <span class='ocrx_word' id='word_1_161' title='bbox 1131 2287 1249 2341; x_wconf 88' lang='lat' dir='ltr'>sortem</span> <span class='ocrx_word' id='word_1_162' title='bbox 1263 2295 1331 2339; x_wconf 92' lang='lat' dir='ltr'>om·</span> 
     </span>
     <span class='ocr_line' id='line_1_20' title="bbox 297 2369 1328 2457; baseline -0.002 -22"><span class='ocrx_word' id='word_1_163' title='bbox 297 2393 373 2435; x_wconf 90' lang='lat' dir='ltr'>nem</span> <span class='ocrx_word' id='word_1_164' title='bbox 386 2371 533 2436; x_wconf 83' lang='lat' dir='ltr'>fortunae</span> <span class='ocrx_word' id='word_1_165' title='bbox 547 2372 702 2457; x_wconf 86' lang='lat' dir='ltr'>regnique</span> <span class='ocrx_word' id='word_1_166' title='bbox 713 2372 762 2437; x_wconf 89' lang='lat' dir='ltr'>sui</span> <span class='ocrx_word' id='word_1_167' title='bbox 777 2395 850 2437; x_wconf 93' lang='lat' dir='ltr'>cum</span> <span class='ocrx_word' id='word_1_168' title='bbox 863 2371 960 2438; x_wconf 90' lang='lat' dir='ltr'>rebus</span> <span class='ocrx_word' id='word_1_169' title='bbox 969 2371 1124 2436; x_wconf 85' lang='lat' dir='ltr'>Romanis</span> <span class='ocrx_word' id='word_1_170' title='bbox 1138 2369 1328 2436; x_wconf 82' lang='lat' dir='ltr'>miscuisset.</span> 
     </span>
     <span class='ocr_line' id='line_1_21' title="bbox 300 2465 1328 2553; baseline 0.003 -26"><span class='ocrx_word' id='word_1_171' title='bbox 300 2476 407 2549; x_wconf 87' lang='lat' dir='ltr'>grates</span> <span class='ocrx_word' id='word_1_172' title='bbox 426 2465 493 2529; x_wconf 91' lang='lat' dir='ltr'>deis</span> <span class='ocrx_word' id='word_1_173' title='bbox 510 2489 568 2551; x_wconf 92' lang='lat' dir='ltr'>pro</span> <span class='ocrx_word' id='word_1_174' title='bbox 587 2467 719 2532; x_wconf 84' lang='lat' dir='ltr'>victoria</span> <span class='ocrx_word' id='word_1_175' title='bbox 732 2477 810 2553; x_wconf 90' lang='lat' dir='ltr'>aput</span> <span class='ocrx_word' id='word_1_176' title='bbox 828 2489 902 2533; x_wconf 90' lang='lat' dir='ltr'>suos</span> <span class='ocrx_word' id='word_1_177' title='bbox 916 2476 1048 2551; x_wconf 90' lang='lat' dir='ltr'>penates</span> <span class='ocrx_word' id='word_1_178' title='bbox 1062 2477 1187 2553; x_wconf 82' lang='lat' dir='ltr'>ageret3</span> <span class='ocrx_word' id='word_1_179' title='bbox 1205 2466 1328 2532; x_wconf 86' lang='lat' dir='ltr'>Romae</span> 
     </span>
     <span class='ocr_line' id='line_1_22' title="bbox 299 2558 1364 2645; baseline -0.002 -22"><span class='ocrx_word' id='word_1_180' title='bbox 299 2558 401 2623; x_wconf 90' lang='lat' dir='ltr'>filium</span> <span class='ocrx_word' id='word_1_181' title='bbox 419 2580 477 2643; x_wconf 91' lang='lat' dir='ltr'>pro</span> <span class='ocrx_word' id='word_1_182' title='bbox 496 2581 533 2624; x_wconf 90' lang='lat' dir='ltr'>eo</span> <span class='ocrx_word' id='word_1_183' title='bbox 552 2571 706 2625; x_wconf 89' lang='lat' dir='ltr'>acturum.</span> <span class='ocrx_word' id='word_1_184' title='bbox 750 2564 946 2645; x_wconf 86' lang='lat' dir='ltr'>gratulatum</span> <span class='ocrx_word' id='word_1_185' title='bbox 964 2582 1092 2644; x_wconf 89' lang='lat' dir='ltr'>quoque</span> <span class='ocrx_word' id='word_1_186' title='bbox 1115 2561 1190 2624; x_wconf 89' lang='lat' dir='ltr'>satis</span> <span class='ocrx_word' id='word_1_187' title='bbox 1215 2582 1273 2623; x_wconf 92' lang='lat' dir='ltr'>suo</span> <span class='ocrx_word' id='word_1_188' title='bbox 1292 2582 1330 2624; x_wconf 90' lang='lat' dir='ltr'>ac</span> <span class='ocrx_word' id='word_1_189' title='bbox 1347 2575 1364 2621; x_wconf 82' lang='grc'>4</span> 
     </span>
     <span class='ocr_line' id='line_1_23' title="bbox 300 2653 1331 2741; baseline -0.002 -23"><span class='ocrx_word' id='word_1_190' title='bbox 300 2655 400 2741; x_wconf 88' lang='lat' dir='ltr'>patris</span> <span class='ocrx_word' id='word_1_191' title='bbox 417 2655 545 2718; x_wconf 90' lang='lat' dir='ltr'>nomine</span> <span class='ocrx_word' id='word_1_192' title='bbox 564 2675 643 2719; x_wconf 90' lang='lat' dir='ltr'>esse.</span> <span class='ocrx_word' id='word_1_193' title='bbox 686 2656 792 2739; x_wconf 91' lang='lat' dir='ltr'>ipsum</span> <span class='ocrx_word' id='word_1_194' title='bbox 814 2656 991 2736; x_wconf 90' lang='lat' dir='ltr'>relinquere</span> <span class='ocrx_word' id='word_1_195' title='bbox 1013 2675 1149 2738; x_wconf 88' lang='lat' dir='ltr'>regnum</span> <span class='ocrx_word' id='word_1_196' title='bbox 1168 2665 1200 2717; x_wconf 91' lang='lat' dir='ltr'>et</span> <span class='ocrx_word' id='word_1_197' title='bbox 1217 2653 1331 2717; x_wconf 88' lang='lat' dir='ltr'>Africa</span> 
     </span>
     <span class='ocr_line' id='line_1_24' title="bbox 301 2748 1329 2834; baseline -0.001 -21"><span class='ocrx_word' id='word_1_198' title='bbox 301 2749 472 2828; x_wconf 84' lang='lat' dir='ltr'>excedere,</span> <span class='ocrx_word' id='word_1_199' title='bbox 489 2761 714 2834; x_wconf 88' lang='lat' dir='ltr'>praeterquam</span> <span class='ocrx_word' id='word_1_200' title='bbox 731 2751 818 2833; x_wconf 92' lang='lat' dir='ltr'>quod</span> <span class='ocrx_word' id='word_1_201' title='bbox 835 2749 882 2813; x_wconf 90' lang='lat' dir='ltr'>illi</span> <span class='ocrx_word' id='word_1_202' title='bbox 898 2748 1011 2813; x_wconf 91' lang='lat' dir='ltr'>inutile</span> <span class='ocrx_word' id='word_1_203' title='bbox 1029 2758 1123 2826; x_wconf 89' lang='lat' dir='ltr'>esset,</span> <span class='ocrx_word' id='word_1_204' title='bbox 1141 2770 1207 2813; x_wconf 91' lang='lat' dir='ltr'>non</span> <span class='ocrx_word' id='word_1_205' title='bbox 1225 2770 1294 2813; x_wconf 88' lang='lat' dir='ltr'>esse</span> <span class='ocrx_word' id='word_1_206' title='bbox 1312 2771 1329 2812; x_wconf 94' lang='lat' dir='ltr'>e</span> 
     </span>
     <span class='ocr_line' id='line_1_25' title="bbox 299 2843 1363 2931; baseline -0.006 -21"><span class='ocrx_word' id='word_1_207' title='bbox 299 2868 335 2910; x_wconf 89' lang='lat' dir='ltr'>re</span> <span class='ocrx_word' id='word_1_208' title='bbox 366 2844 495 2929; x_wconf 89' lang='lat' dir='ltr'>publica</span> <span class='ocrx_word' id='word_1_209' title='bbox 525 2845 635 2931; x_wconf 91' lang='lat' dir='ltr'>populi</span> <span class='ocrx_word' id='word_1_210' title='bbox 663 2844 802 2909; x_wconf 86' lang='lat' dir='ltr'>Romani</span> <span class='ocrx_word' id='word_1_211' title='bbox 833 2853 980 2909; x_wconf 88' lang='lat' dir='ltr'>senatum</span> <span class='ocrx_word' id='word_1_212' title='bbox 1012 2865 1151 2910; x_wconf 91' lang='lat' dir='ltr'>censere.</span> <span class='ocrx_word' id='word_1_213' title='bbox 1208 2843 1363 2929; x_wconf 71' lang='lat' dir='ltr'>petentia</span> 
     </span>
     <span class='ocr_line' id='line_1_26' title="bbox 299 2937 1330 3025; baseline -0.001 -22"><span class='ocrx_word' id='word_1_214' title='bbox 299 2938 495 3024; x_wconf 89' lang='lat' dir='ltr'>Masgabae,</span> <span class='ocrx_word' id='word_1_215' title='bbox 522 2949 558 3004; x_wconf 91' lang='lat' dir='ltr'>ut</span> <span class='ocrx_word' id='word_1_216' title='bbox 579 2942 698 3004; x_wconf 88' lang='lat' dir='ltr'>Hanno</span> <span class='ocrx_word' id='word_1_217' title='bbox 716 2938 908 3004; x_wconf 81' lang='lat' dir='ltr'>Hamilcaris</span> <span class='ocrx_word' id='word_1_218' title='bbox 934 2938 1018 3005; x_wconf 91' lang='lat' dir='ltr'>filius</span> <span class='ocrx_word' id='word_1_219' title='bbox 1045 2960 1137 3025; x_wconf 91' lang='lat' dir='ltr'>opses</span> <span class='ocrx_word' id='word_1_220' title='bbox 1162 2937 1196 3003; x_wconf 92' lang='lat' dir='ltr'>in</span> <span class='ocrx_word' id='word_1_221' title='bbox 1222 2939 1330 3004; x_wconf 91' lang='lat' dir='ltr'>locum</span> 
     </span>
     <span class='ocr_line' id='line_1_27' title="bbox 302 3030 1363 3121; baseline 0.001 -24"><span class='ocrx_word' id='word_1_222' title='bbox 302 3030 374 3118; x_wconf 90' lang='lat'>[...]</span> <span class='ocrx_word' id='word_1_223' title='bbox 395 3034 544 3119; x_wconf 85' lang='lat' dir='ltr'>exigeret.</span> <span class='ocrx_word' id='word_1_224' title='bbox 573 3057 706 3100; x_wconf 88' lang='lat' dir='ltr'>munera</span> <span class='ocrx_word' id='word_1_225' title='bbox 725 3058 765 3101; x_wconf 84' lang='lat' dir='ltr'>ex</span> <span class='ocrx_word' id='word_1_226' title='bbox 783 3046 912 3101; x_wconf 90' lang='lat' dir='ltr'>senatus</span> <span class='ocrx_word' id='word_1_227' title='bbox 932 3034 1075 3099; x_wconf 90' lang='lat' dir='ltr'>consulto</span> <span class='ocrx_word' id='word_1_228' title='bbox 1094 3057 1199 3100; x_wconf 90' lang='lat' dir='ltr'>emere</span> <span class='ocrx_word' id='word_1_229' title='bbox 1217 3035 1329 3121; x_wconf 85' lang='lat' dir='ltr'>regulo</span> <span class='ocrx_word' id='word_1_230' title='bbox 1348 3044 1363 3092; x_wconf 87' lang='grc'><strong>6</strong></span> 
     </span>
     <span class='ocr_line' id='line_1_28' title="bbox 301 3129 1330 3218; baseline 0.001 -27"><span class='ocrx_word' id='word_1_231' title='bbox 301 3141 451 3212; x_wconf 88' lang='lat' dir='ltr'>quaestor</span> <span class='ocrx_word' id='word_1_232' title='bbox 476 3130 581 3194; x_wconf 90' lang='lat' dir='ltr'>iussus</span> <span class='ocrx_word' id='word_1_233' title='bbox 609 3153 649 3195; x_wconf 83' lang='lat' dir='ltr'>ex</span> <span class='ocrx_word' id='word_1_234' title='bbox 671 3142 799 3195; x_wconf 90' lang='lat' dir='ltr'>centum</span> <span class='ocrx_word' id='word_1_235' title='bbox 821 3130 929 3218; x_wconf 90' lang='lat' dir='ltr'>pondo</span> <span class='ocrx_word' id='word_1_236' title='bbox 956 3129 1094 3215; x_wconf 88' lang='lat' dir='ltr'>argenti,</span> <span class='ocrx_word' id='word_1_237' title='bbox 1122 3141 1154 3193; x_wconf 90' lang='lat' dir='ltr'>et</span> <span class='ocrx_word' id='word_1_238' title='bbox 1179 3129 1330 3213; x_wconf 85' lang='lat' dir='ltr'>prosequi</span> 
     </span>
     <span class='ocr_line' id='line_1_29' title="bbox 302 3221 1329 3312; baseline -0.002 -25"><span class='ocrx_word' id='word_1_239' title='bbox 302 3245 377 3287; x_wconf 94' lang='lat' dir='ltr'>eum</span> <span class='ocrx_word' id='word_1_240' title='bbox 386 3221 538 3288; x_wconf 89' lang='lat' dir='ltr'>Puteolos</span> <span class='ocrx_word' id='word_1_241' title='bbox 557 3246 747 3309; x_wconf 89' lang='lat' dir='ltr'>omnemque</span> <span class='ocrx_word' id='word_1_242' title='bbox 766 3236 940 3312; x_wconf 89' lang='lat' dir='ltr'>sumptum,</span> <span class='ocrx_word' id='word_1_243' title='bbox 960 3225 1067 3309; x_wconf 91' lang='lat' dir='ltr'>quoad</span> <span class='ocrx_word' id='word_1_244' title='bbox 1084 3225 1117 3287; x_wconf 91' lang='lat' dir='ltr'>in</span> <span class='ocrx_word' id='word_1_245' title='bbox 1128 3224 1222 3287; x_wconf 88' lang='lat' dir='ltr'>Italia</span> <span class='ocrx_word' id='word_1_246' title='bbox 1236 3233 1329 3299; x_wconf 90' lang='lat' dir='ltr'>esset,</span> 
     </span>
     <span class='ocr_line' id='line_1_30' title="bbox 300 3316 1330 3402; baseline -0.001 -22"><span class='ocrx_word' id='word_1_247' title='bbox 300 3316 454 3402; x_wconf 89' lang='lat' dir='ltr'>praebere</span> <span class='ocrx_word' id='word_1_248' title='bbox 468 3328 499 3382; x_wconf 91' lang='lat' dir='ltr'>et</span> <span class='ocrx_word' id='word_1_249' title='bbox 516 3319 595 3384; x_wconf 92' lang='lat' dir='ltr'>duas</span> <span class='ocrx_word' id='word_1_250' title='bbox 609 3342 707 3385; x_wconf 89' lang='lat' dir='ltr'>naves</span> <span class='ocrx_word' id='word_1_251' title='bbox 718 3322 905 3396; x_wconf 87' lang='lat' dir='ltr'>conducere,</span> <span class='ocrx_word' id='word_1_252' title='bbox 922 3319 1038 3402; x_wconf 90' lang='lat' dir='ltr'>quibus</span> <span class='ocrx_word' id='word_1_253' title='bbox 1051 3318 1120 3401; x_wconf 91' lang='lat' dir='ltr'>ipse</span> <span class='ocrx_word' id='word_1_254' title='bbox 1135 3318 1330 3399; x_wconf 85' lang='lat' dir='ltr'>comitesque</span> 
     </span>
     <span class='ocr_line' id='line_1_31' title="bbox 301 3410 1364 3495; baseline -0.004 -21"><span class='ocrx_word' id='word_1_255' title='bbox 301 3411 387 3495; x_wconf 89' lang='lat' dir='ltr'>regis</span> <span class='ocrx_word' id='word_1_256' title='bbox 412 3410 446 3474; x_wconf 94' lang='lat' dir='ltr'>in</span> <span class='ocrx_word' id='word_1_257' title='bbox 468 3410 615 3478; x_wconf 88' lang='lat' dir='ltr'>Africam</span> <span class='ocrx_word' id='word_1_258' title='bbox 642 3414 889 3490; x_wconf 81' lang='lat' dir='ltr'>deveherentur3</span> <span class='ocrx_word' id='word_1_259' title='bbox 916 3423 948 3475; x_wconf 93' lang='lat' dir='ltr'>et</span> <span class='ocrx_word' id='word_1_260' title='bbox 974 3410 1143 3474; x_wconf 88' lang='lat' dir='ltr'>comitibus</span> <span class='ocrx_word' id='word_1_261' title='bbox 1171 3410 1364 3492; x_wconf 63' lang='lat' dir='ltr'>omnibus?</span> 
     </span>
     <span class='ocr_line' id='line_1_32' title="bbox 302 3501 1365 3585; baseline -0.001 -20"><span class='ocrx_word' id='word_1_262' title='bbox 302 3503 411 3567; x_wconf 90' lang='lat' dir='ltr'>liberis</span> <span class='ocrx_word' id='word_1_263' title='bbox 429 3504 607 3585; x_wconf 89' lang='lat' dir='ltr'>servisque,</span> <span class='ocrx_word' id='word_1_264' title='bbox 630 3506 820 3570; x_wconf 88' lang='lat' dir='ltr'>vestimenta</span> <span class='ocrx_word' id='word_1_265' title='bbox 843 3505 928 3567; x_wconf 89' lang='lat' dir='ltr'>data.</span> <span class='ocrx_word' id='word_1_266' title='bbox 971 3502 1059 3565; x_wconf 89' lang='lat' dir='ltr'>haud</span> <span class='ocrx_word' id='word_1_267' title='bbox 1077 3503 1122 3564; x_wconf 88' lang='lat' dir='ltr'>ita</span> <span class='ocrx_word' id='word_1_268' title='bbox 1139 3501 1240 3563; x_wconf 91' lang='lat' dir='ltr'>multo</span> <span class='ocrx_word' id='word_1_269' title='bbox 1258 3511 1331 3585; x_wconf 91' lang='lat' dir='ltr'>post</span> <span class='ocrx_word' id='word_1_270' title='bbox 1349 3508 1365 3556; x_wconf 86' lang='lat'>8</span> 
     </span>
     <span class='ocr_line' id='line_1_33' title="bbox 305 3593 1330 3679; baseline -0.002 -21"><span class='ocrx_word' id='word_1_271' title='bbox 305 3594 344 3659; x_wconf 90' lang='lat' dir='ltr'>de</span> <span class='ocrx_word' id='word_1_272' title='bbox 363 3595 461 3658; x_wconf 87' lang='lat' dir='ltr'>altero</span> <span class='ocrx_word' id='word_1_273' title='bbox 478 3595 671 3662; x_wconf 86' lang='lat' dir='ltr'>Masinissae</span> <span class='ocrx_word' id='word_1_274' title='bbox 688 3598 754 3661; x_wconf 91' lang='lat' dir='ltr'>filio</span> <span class='ocrx_word' id='word_1_275' title='bbox 771 3598 942 3679; x_wconf 89' lang='lat' dir='ltr'>Misagene</span> <span class='ocrx_word' id='word_1_276' title='bbox 960 3595 1083 3658; x_wconf 91' lang='lat' dir='ltr'>litterae</span> <span class='ocrx_word' id='word_1_277' title='bbox 1102 3593 1227 3656; x_wconf 90' lang='lat' dir='ltr'>adlatae</span> <span class='ocrx_word' id='word_1_278' title='bbox 1246 3603 1330 3667; x_wconf 91' lang='lat' dir='ltr'>sunt,</span> 
     </span>
     <span class='ocr_line' id='line_1_34' title="bbox 304 3687 1332 3775; baseline -0.002 -22"><span class='ocrx_word' id='word_1_279' title='bbox 304 3688 435 3753; x_wconf 85' lang='lat' dir='ltr'>missurn</span> <span class='ocrx_word' id='word_1_280' title='bbox 456 3709 529 3753; x_wconf 91' lang='lat' dir='ltr'>eum</span> <span class='ocrx_word' id='word_1_281' title='bbox 548 3689 588 3753; x_wconf 95' lang='lat' dir='ltr'>ab</span> <span class='ocrx_word' id='word_1_282' title='bbox 606 3689 648 3754; x_wconf 89' lang='lat' dir='ltr'>L.</span> <span class='ocrx_word' id='word_1_283' title='bbox 661 3690 766 3756; x_wconf 92' lang='lat' dir='ltr'>Paulo</span> <span class='ocrx_word' id='word_1_284' title='bbox 783 3700 857 3775; x_wconf 91' lang='lat' dir='ltr'>post</span> <span class='ocrx_word' id='word_1_285' title='bbox 874 3687 1035 3752; x_wconf 87' lang='lat' dir='ltr'>devictum</span> <span class='ocrx_word' id='word_1_286' title='bbox 1052 3687 1173 3752; x_wconf 91' lang='lat' dir='ltr'>Persea</span> <span class='ocrx_word' id='word_1_287' title='bbox 1191 3687 1224 3751; x_wconf 90' lang='lat' dir='ltr'>in</span> <span class='ocrx_word' id='word_1_288' title='bbox 1241 3687 1332 3751; x_wconf 88' lang='lat' dir='ltr'>Afri-</span> 
     </span>
     <span class='ocr_line' id='line_1_35' title="bbox 304 3781 1331 3869; baseline -0.004 -19"><span class='ocrx_word' id='word_1_289' title='bbox 304 3805 376 3850; x_wconf 85' lang='lat' dir='ltr'>cam</span> <span class='ocrx_word' id='word_1_290' title='bbox 399 3804 472 3846; x_wconf 91' lang='lat' dir='ltr'>cum</span> <span class='ocrx_word' id='word_1_291' title='bbox 490 3783 649 3866; x_wconf 91' lang='lat' dir='ltr'>equitibus</span> <span class='ocrx_word' id='word_1_292' title='bbox 671 3785 751 3861; x_wconf 90' lang='lat' dir='ltr'>suis,</span> <span class='ocrx_word' id='word_1_293' title='bbox 773 3784 993 3869; x_wconf 88' lang='lat' dir='ltr'>navigantem,</span> <span class='ocrx_word' id='word_1_294' title='bbox 1018 3783 1161 3868; x_wconf 88' lang='lat' dir='ltr'>dispersa</span> <span class='ocrx_word' id='word_1_295' title='bbox 1179 3783 1279 3847; x_wconf 86' lang='lat' dir='ltr'>classe</span> <span class='ocrx_word' id='word_1_296' title='bbox 1296 3781 1331 3846; x_wconf 91' lang='lat' dir='ltr'>in</span> 
     </span>
     <span class='ocr_line' id='line_1_36' title="bbox 304 3876 1331 3962; baseline -0.001 -19"><span class='ocrx_word' id='word_1_297' title='bbox 304 3877 493 3943; x_wconf 88' lang='lat' dir='ltr'>Hadriatico</span> <span class='ocrx_word' id='word_1_298' title='bbox 516 3878 597 3943; x_wconf 85' lang='lat' dir='ltr'>mari</span> <span class='ocrx_word' id='word_1_299' title='bbox 614 3878 823 3944; x_wconf 90' lang='lat' dir='ltr'>Brundisium</span> <span class='ocrx_word' id='word_1_300' title='bbox 845 3879 946 3944; x_wconf 90' lang='lat' dir='ltr'>tribus</span> <span class='ocrx_word' id='word_1_301' title='bbox 969 3878 1106 3943; x_wconf 90' lang='lat' dir='ltr'>navibus</span> <span class='ocrx_word' id='word_1_302' title='bbox 1125 3900 1259 3962; x_wconf 88' lang='lat' dir='ltr'>aegrum</span> <span class='ocrx_word' id='word_1_303' title='bbox 1276 3876 1331 3942; x_wconf 92' lang='lat' dir='ltr'>de-</span> 
     </span>
     <span class='ocr_line' id='line_1_37' title="bbox 304 3970 1365 4059; baseline -0.007 -19"><span class='ocrx_word' id='word_1_304' title='bbox 304 3974 414 4040; x_wconf 90' lang='lat' dir='ltr'>latum.</span> <span class='ocrx_word' id='word_1_305' title='bbox 445 3971 514 4059; x_wconf 92' lang='lat' dir='ltr'>[ad]</span> <span class='ocrx_word' id='word_1_306' title='bbox 526 3996 600 4037; x_wconf 90' lang='lat' dir='ltr'>eum</span> <span class='ocrx_word' id='word_1_307' title='bbox 613 3996 687 4039; x_wconf 87' lang='lat' dir='ltr'>eum</span> <span class='ocrx_word' id='word_1_308' title='bbox 700 3974 802 4039; x_wconf 80' lang='lat' dir='ltr'>isdem</span> <span class='ocrx_word' id='word_1_309' title='bbox 815 3972 1013 4052; x_wconf 86' lang='lat' dir='ltr'>muneribus,</span> <span class='ocrx_word' id='word_1_310' title='bbox 1029 3995 1110 4057; x_wconf 90' lang='lat' dir='ltr'>quae</span> <span class='ocrx_word' id='word_1_311' title='bbox 1125 3972 1199 4036; x_wconf 88' lang='lat' dir='ltr'>data</span> <span class='ocrx_word' id='word_1_312' title='bbox 1208 3970 1329 4037; x_wconf 81' lang='lat' dir='ltr'>Rornae</span> <span class='ocrx_word' id='word_1_313' title='bbox 1349 3985 1365 4033; x_wconf 80' lang='grc'>9</span> 
     </span>
     <span class='ocr_line' id='line_1_38' title="bbox 304 4066 1330 4154; baseline -0.004 -20"><span class='ocrx_word' id='word_1_314' title='bbox 304 4067 395 4134; x_wconf 81' lang='lat' dir='ltr'>fratri</span> <span class='ocrx_word' id='word_1_315' title='bbox 413 4067 480 4133; x_wconf 89' lang='lat' dir='ltr'>eius</span> <span class='ocrx_word' id='word_1_316' title='bbox 500 4079 598 4146; x_wconf 89' lang='lat' dir='ltr'>erant,</span> <span class='ocrx_word' id='word_1_317' title='bbox 617 4068 658 4134; x_wconf 88' lang='lat' dir='ltr'>L.</span> <span class='ocrx_word' id='word_1_318' title='bbox 674 4068 845 4135; x_wconf 88' lang='lat' dir='ltr'>Stertinius</span> <span class='ocrx_word' id='word_1_319' title='bbox 864 4080 1014 4154; x_wconf 89' lang='lat' dir='ltr'>quaestor</span> <span class='ocrx_word' id='word_1_320' title='bbox 1030 4066 1238 4132; x_wconf 89' lang='lat' dir='ltr'>Brundisium</span> <span class='ocrx_word' id='word_1_321' title='bbox 1255 4066 1330 4130; x_wconf 89' lang='lat' dir='ltr'>mis-</span> 
     </span>
     <span class='ocr_line' id='line_1_39' title="bbox 305 4159 1124 4249; baseline 0 -22"><span class='ocrx_word' id='word_1_322' title='bbox 305 4185 370 4240; x_wconf 90' lang='lat' dir='ltr'>sus,</span> <span class='ocrx_word' id='word_1_323' title='bbox 391 4159 590 4249; x_wconf 89' lang='lat' dir='ltr'>[iussus]que</span> <span class='ocrx_word' id='word_1_324' title='bbox 608 4186 729 4243; x_wconf 90' lang='lat' dir='ltr'>curare,</span> <span class='ocrx_word' id='word_1_325' title='bbox 747 4176 784 4229; x_wconf 91' lang='lat' dir='ltr'>ut</span> <span class='ocrx_word' id='word_1_326' title='bbox 802 4164 896 4232; x_wconf 89' lang='lat' dir='ltr'>aedes</span> <span class='ocrx_word' id='word_1_327' title='bbox 914 4162 1008 4249; x_wconf 87' lang='lat' dir='ltr'>hospi</span> <span class='ocrx_word' id='word_1_328' title='bbox 1028 4160 1051 4248; x_wconf 92' lang='lat'>[.</span> <span class='ocrx_word' id='word_1_329' title='bbox 1062 4160 1124 4248; x_wconf 89' lang='lat'>..]</span> 
     </span>
    </p>
   </div>
   <div class='ocr_carea' id='block_1_3' title="bbox 368 4255 1364 4412">
    <p class='ocr_par' dir='ltr' id='par_1_4' title="bbox 368 4255 1364 4412">
     <span class='ocr_line' id='line_1_40' title="bbox 368 4255 1364 4345; baseline -0.004 -22"><span class='ocrx_word' id='word_1_330' title='bbox 368 4258 448 4327; x_wconf 92' lang='lat' dir='ltr'>XV.</span> <span class='ocrx_word' id='word_1_331' title='bbox 474 4259 515 4324; x_wconf 95' lang='lat' dir='ltr'>In</span> <span class='ocrx_word' id='word_1_332' title='bbox 528 4269 678 4345; x_wconf 88' lang='lat' dir='ltr'>quattuor</span> <span class='ocrx_word' id='word_1_333' title='bbox 690 4260 830 4326; x_wconf 86' lang='lat' dir='ltr'>urbanas</span> <span class='ocrx_word' id='word_1_334' title='bbox 847 4258 950 4326; x_wconf 88' lang='lat' dir='ltr'>tribus</span> <span class='ocrx_word' id='word_1_335' title='bbox 964 4257 1113 4343; x_wconf 88' lang='lat' dir='ltr'>descripti</span> <span class='ocrx_word' id='word_1_336' title='bbox 1132 4266 1221 4323; x_wconf 88' lang='lat' dir='ltr'>erant</span> <span class='ocrx_word' id='word_1_337' title='bbox 1237 4255 1330 4319; x_wconf 89' lang='lat' dir='ltr'>liber-</span> <span class='ocrx_word' id='word_1_338' title='bbox 1350 4274 1364 4319; x_wconf 86' lang='lat'>1</span> 
     </span>
     <span class='ocr_line' id='line_1_41' title="bbox 1109 4359 1276 4412; baseline -0.012 0"><span class='ocrx_word' id='word_1_339' title='bbox 1109 4359 1160 4412; x_wconf 70' lang='grc'>11*</span> <span class='ocrx_word' id='word_1_340' title='bbox 1275 4361 1276 4365; x_wconf 69' lang='grc'>’</span> 
     </span>
    </p>
   </div>
   <div class='ocr_carea' id='block_1_4' title="bbox 0 0 1707 4975">
    <p class='ocr_par' dir='ltr' id='par_1_5' title="bbox 0 0 1707 4975">
     <span class='ocr_line' id='line_1_42' title="bbox 0 0 1707 4975; baseline 0 0"><span class='ocrx_word' id='word_1_341' title='bbox 0 0 1707 4975; x_wconf 95' lang='lat' dir='ltr'> </span> 
     </span>
    </p>
   </div>
  </div>
 </body>
</html>
