3384 4975
484 545 602 600 amun
618 544 777 613 xxxam,
796 544 839 599 aa.
853 545 896 600 ao.
917 549 954 613 [a.
965 543 996 600 c.
1007 546 1065 615 1⁷2·
1077 548 1139 615 ru]
1285 533 1325 598 51

362 703 550 772 XXVIIII.
577 701 617 765 P.
627 700 765 776 Licinio,
784 698 823 765 C.
835 697 949 764 Cassio
968 702 1150 768 consulibus
1167 725 1232 768 non
1249 701 1327 768 urbs
1346 723 1361 768 1

297 814 422 868 tantum
434 800 540 864 Roma
557 817 617 861 nec
634 805 719 860 terra
731 794 836 872 Italia,
856 795 912 859 sed
931 816 1040 860 omnes
1058 819 1150 884 reges
1169 799 1327 865 ciritates·

297 921 371 984 que,
389 916 472 980 quae
490 893 524 956 in
532 890 665 974 Europa
682 910 829 972 quaeque
847 889 881 953 in
889 889 972 954 Asia
989 902 1088 968 erant,
1108 904 1327 960 converterant

298 990 421 1055 animos
440 986 475 1049 in
494 1006 604 1049 curam
618 981 823 1048 Macedonici
840 1004 879 1048 ao
893 982 1032 1048 Romani
1049 982 1134 1049 belli.
1161 984 1328 1052 Eumenen
1347 1004 1362 1052 2

299 1106 373 1147 oum
387 1089 479 1145 vetus
493 1077 602 1142 odium
616 1075 810 1154 stimulabat,
828 1087 898 1141 tum
911 1094 1021 1141 recens
1035 1076 1092 1154 ira,
1111 1080 1197 1161 quod
1211 1081 1328 1145 scelere

298 1173 411 1240 Persei
428 1194 526 1258 prope
544 1182 580 1235 ut
597 1171 738 1235 victuma
754 1180 911 1235 mactatus
925 1169 1062 1256 Delphis
1077 1182 1170 1237 esset.
1196 1172 1328 1237 Prusias
1347 1189 1362 1235 3

297 1267 468 1354 Bithyniae
491 1288 548 1331 rex
570 1274 723 1330 statuerat
745 1263 905 1329 abstinere
927 1264 1023 1328 armis
1047 1275 1077 1329 et
1101 1276 1253 1331 eventum
1274 1287 1330 1331 ex-

296 1373 439 1448 pectaret
457 1383 532 1425 nam
550 1351 655 1443 neque
668 1359 832 1424 Romanos
849 1380 944 1444 posse
962 1380 1099 1444 aequom
1117 1381 1247 1426 censere
1261 1355 1328 1448 [se]

297 1459 450 1522 adversus
468 1455 600 1523 fratrem
617 1453 726 1519 uxoris
744 1477 834 1520 arma
852 1455 934 1519 ferre
953 1463 985 1519 et
1003 1465 1081 1539 aput
1089 1454 1211 1521 Persea
1227 1456 1329 1521 ricto·

295 1573 365 1616 rem
381 1549 509 1615 veniam
526 1570 584 1635 per
601 1570 742 1614 sororem
759 1547 996 1649 impetrabilem
1013 1548 1092 1613 fore.
1136 1548 1325 1614 Ariarathes
1344 1565 1360 1612 4

298 1643 529 1733 Cappadocum
553 1666 625 1720 rex,
652 1655 876 1729 praeterquam
900 1643 987 1727 quod
1009 1643 1163 1708 Romanis
1188 1665 1246 1709 suo
1268 1665 1327 1708 no·

296 1739 381 1803 mine
405 1738 524 1803 auxilia
546 1737 707 1824 pollicitus
725 1747 807 1815 erat,
831 1760 871 1803 ex
890 1756 953 1821 quo
972 1746 1021 1803 est
1042 1737 1170 1803 iunctus
1188 1737 1328 1804 Eumeni

297 1833 476 1910 adfinitate,
499 1833 532 1897 in
551 1832 658 1897 omnia
675 1831 751 1898 belli
768 1832 923 1920 pacisque
942 1855 975 1897 se
994 1832 1233 1898 consociaverat
1251 1854 1327 1898 con·

296 1927 375 1992 silia.
419 1926 600 1991 Antiochus
627 1926 804 1992 inminebat
829 1927 961 2011 quidem
984 1927 1129 2012 Aegypti
1153 1948 1268 2013 regno,
1295 1937 1361 1992 etc

295 2020 465 2107 pueritiam
486 2018 571 2105 regis
594 2030 626 2085 et
646 2019 794 2084 inertiam
809 2031 959 2085 ¹tutorum
982 2042 1150 2105 spernens,
1173 2034 1204 2087 et
1227 2022 1344 2086 ambi-1

296 2116 402 2202 gendo
421 2115 461 2178 de
480 2111 579 2179 Coele
598 2113 694 2199 Syria
712 2137 843 2178 causam
860 2115 937 2180 belli
955 2137 989 2179 se
1007 2115 1191 2180 habiturum
1209 2116 1329 2180 existu-

295 2209 406 2274 mabat
423 2218 654 2293 gesturumque
672 2208 706 2272 id
728 2208 817 2273 nullo
834 2207 1063 2294 impedimento
1082 2209 1244 2295 occupatis
1262 2209 1329 2274 Ro-
1347 2224 1361 2270 s
1442 2236 1445 2241 ’

295 2303 399 2368 manis
422 2303 457 2367 in
481 2300 696 2367 Macedonico
723 2302 818 2366 bello.
864 2302 951 2387 quod
974 2299 1048 2389 [ad]
1073 2301 1193 2368 bellum
1219 2298 1327 2368 tamen

296 2397 403 2463 omnia
420 2408 453 2462 et
474 2418 532 2481 per
549 2417 623 2460 suos
646 2397 769 2482 legatos
792 2396 917 2462 senatui
940 2407 972 2461 et
993 2396 1062 2482 ipse
1084 2397 1199 2483 legatis
1217 2419 1327 2463 eorum

297 2492 389 2557 enixe
406 2490 565 2575 pollicitus
584 2502 660 2555 erat.
695 2491 902 2557 Ptolemaeus
925 2503 1056 2577 propter
1073 2503 1210 2557 aetatem
1233 2491 1328 2557 alieni
1347 2510 1360 2553 r

297 2584 393 2650 etiam
411 2594 479 2647 tum
497 2582 607 2647 arbitri
625 2595 708 2660 erat3
727 2595 848 2649 tutores
862 2596 894 2649 et
910 2586 1032 2649 bellum
1050 2586 1203 2650 adversus
1213 2586 1328 2649 Antio-

297 2679 394 2745 chum
410 2676 580 2763 parabant,
599 2697 663 2760 quo
681 2677 881 2743 vindicarent
899 2676 1032 2743 Coelem
1052 2677 1195 2762 Syriam,
1213 2688 1246 2743 et
1263 2678 1329 2743 Ro·

295 2773 399 2838 manis
434 2771 542 2836 omnia
575 2772 807 2857 pollicebantur
842 2773 884 2839 ad
915 2772 1162 2839 Macedonicum
1198 2772 1327 2839 bellum.

295 2868 470 2935 Masinissa
487 2875 520 2931 et
542 2866 703 2932 frumento
721 2867 853 2933 iuvabat
870 2868 1049 2946 Romanos,
1068 2878 1100 2933 et
1117 2868 1236 2934 auxilia
1255 2892 1327 2934 cum
1345 2880 1361 2931 8

297 2962 473 3048 elephantis
491 2960 749 3047 Misagenenque
770 2961 872 3028 filium
894 2963 1019 3029 mittere
1037 2963 1080 3028 ad
1096 2962 1216 3029 bellum
1234 2987 1328 3051 para·

296 3057 362 3121 bat.
406 3055 538 3121 consilia
564 3068 673 3123 autem
698 3058 733 3121 in
759 3079 886 3123 omnem
913 3058 1076 3123 fortunam
1101 3057 1147 3123 ita
1174 3057 1328 3146 disposita

295 3150 450 3215 habebat:
477 3150 505 3215 si
527 3174 626 3237 penes
645 3153 807 3218 Romanos
826 3152 961 3218 victoria
978 3164 1086 3231 essetf
1105 3175 1180 3218 suas
1198 3175 1326 3239 quoque
1347 3165 1361 3214 9

295 3244 330 3308 in
348 3243 460 3310 eodem
478 3255 563 3311 statu
581 3269 748 3312 mansuras
766 3270 817 3313 res
835 3270 916 3324 esse,
935 3269 1039 3332 neque
1057 3247 1142 3312 ultra
1155 3247 1328 3332 quicquam

295 3340 505 3425 movendum,
527 3364 592 3407 non
614 3342 700 3407 enim
716 3365 867 3428 passuros
885 3341 1048 3407 Romanos
1071 3340 1137 3405 vim
1157 3339 1328 3426 Carthagi·

295 3435 460 3500 niensibus
488 3435 621 3513 adferri3
654 3438 680 3501 si
711 3436 831 3501 fractae
860 3448 966 3501 essent
993 3456 1070 3520 opes
1097 3435 1326 3510 Romanorum,
1347 3447 1379 3493 10

297 3551 381 3612 quae
412 3539 481 3591 tum
511 3539 715 3613 protegerent
746 3527 1045 3613 Carthaginienses,
1078 3549 1169 3590 suam
1200 3546 1328 3591 omnem

296 3619 444 3685 Africam
470 3619 549 3684 fore.
603 3620 741 3686 Gentius
767 3643 824 3686 rex
851 3621 1034 3705 Illyriorum
1064 3619 1185 3684 fecerat
1210 3618 1326 3705 potius,
1347 3634 1376 3680 11

296 3737 355 3781 cur
372 3723 540 3800 suspectus
559 3724 643 3778 esset
651 3714 816 3793 Romanis,
836 3736 934 3799 quam
949 3713 1025 3778 satis
1041 3724 1204 3791 statuerat,
1223 3723 1327 3779 utram

296 3809 422 3873 foveret
438 3816 577 3893 partem,
601 3808 788 3895 impetuque
811 3808 914 3895 magis
933 3830 1029 3892 quam
1052 3807 1182 3873 consilio
1200 3807 1249 3888 his
1272 3820 1328 3873 aut

295 3902 411 3967 illisae
430 3901 637 3967 adiuncturus
655 3903 832 3969 videbatur.
865 3901 966 3989 Cotys
985 3902 1105 3978 Thrax,
1125 3899 1326 3989 Odrysarum
1347 3919 1377 3966 12

296 4022 364 4075 rex,
381 3997 493 4063 Persei
511 4020 549 4062 ac
566 3996 784 4064 Macedonum
801 3999 901 4087 partis
920 4009 997 4064 erat.

360 4090 481 4156 XXX.
508 4093 600 4159 Haec
618 4095 774 4159 sententia
792 4094 922 4181 regibus
938 4115 1012 4158 cum
1025 4102 1108 4158 esset
1123 4091 1162 4156 de
1179 4091 1274 4170 bello,
1291 4092 1325 4157 in
1345 4109 1357 4154 1

296 4185 404 4252 liberis
430 4187 580 4273 gentibus
611 4189 802 4276 populisque
829 4190 921 4276 plebs
948 4188 1068 4273 ubique
1095 4185 1198 4251 omnis
1224 4186 1324 4251 ferme

297 4278 456 4368 [favens],
483 4294 519 4348 ut
537 4283 631 4362 solet,
659 4284 868 4351 deterioribus
887 4294 955 4351 erat
980 4283 1020 4349 ad
1043 4305 1153 4370 regem
1170 4280 1325 4347 Macedo-

1126 4384 1160 4436 4*
