3384 4975
400 580 405 589 ,
503 523 620 579 arana
637 519 824 589 xxxxnu,
843 519 886 574 aa.
899 519 941 574 aa.
962 518 1114 624 [acres]
1260 503 1321 592 13⁷

300 707 337 751 ac
350 686 447 748 fratre
457 683 578 764 alisque
591 677 786 764 principibus
796 675 988 760 Illyriorum.
1014 677 1075 739 hoc
1088 698 1189 739 unum
1202 674 1322 741 bellum
1340 698 1356 745 5

298 780 387 864 prius
404 765 622 862 perpetratum
639 793 736 855 quam
754 781 903 854 coeptum
919 767 1041 834 Romae
1059 769 1203 833 auditum
1220 782 1277 835 est.

364 871 493 952 Quibus
519 866 632 930 dicbus
654 865 733 928 haec
757 863 950 949 agebantur,
976 862 1114 928 Perseus
1137 885 1262 946 quoque
1289 865 1322 929 in

298 987 418 1050 magno
436 975 555 1026 terrore
574 969 641 1022 erat
662 968 792 1041 propter
809 953 983 1021 adventum
1001 957 1094 1020 simul
1111 956 1231 1021 Aemili
1247 959 1322 1022 novi

300 1057 449 1132 consulis,
469 1077 564 1138 quem
578 1075 651 1118 cum
667 1051 851 1136 ingentibus
868 1051 963 1114 minis
977 1051 1147 1115 adventare
1162 1051 1321 1126 audiebat,

300 1151 395 1216 simul
413 1147 531 1214 Octavi
547 1145 711 1232 praetoris.
755 1167 814 1209 nec
832 1144 938 1209 minus
959 1144 1088 1209 terroris
1106 1168 1125 1208 a
1143 1145 1243 1209 classe
1257 1144 1322 1209 Ro·
1340 1166 1357 1211 s

299 1267 394 1308 mana
409 1253 441 1308 et
458 1240 598 1327 periculo
611 1239 799 1304 maritumae
815 1261 889 1302 orae
902 1238 1051 1302 habebat.
1078 1238 1322 1304 Thessalonicae

298 1337 461 1401 Eumenes
480 1344 511 1399 et
528 1333 754 1418 Athenagoras
771 1343 939 1418 praeerant
957 1354 1030 1396 cum
1047 1354 1147 1416 parvo
1165 1332 1322 1418 praesidio

299 1431 434 1495 duorum
451 1429 575 1493 milium
593 1438 794 1492 cetratorum.
822 1449 860 1491 eo
878 1437 911 1490 et
927 1426 1112 1491 Androclen
1126 1426 1323 1512 praefectum
1341 1446 1356 1493 t

298 1525 404 1601 mittit,
421 1523 543 1587 iussum
562 1523 622 1585 sub
640 1521 717 1606 ipsis
730 1521 898 1585 navalibus
913 1532 1016 1585 castra
1032 1521 1159 1585 habere.
1186 1520 1323 1585 Aenean

290 1619 384 1683 ⁴mille
402 1618 524 1700 equites
544 1612 648 1702 [cum]
669 1612 807 1680 Creonte
822 1615 1037 1701 Antigonensi
1054 1614 1140 1678 misit
1157 1615 1198 1679 ad
1216 1626 1323 1679 tutan·

298 1713 371 1777 dam
388 1712 593 1775 maritumam
611 1733 714 1786 oram,
734 1720 770 1774 ut
787 1732 989 1794 quocumque
1007 1709 1113 1774 littore
1131 1695 1321 1794 adplicuisse
1339 1730 1356 1777 8

297 1829 394 1872 naves
403 1805 542 1870 hostiurn
552 1804 724 1881 audissent,
734 1805 892 1890 extemplo
902 1804 1019 1868 ferrent
1029 1803 1207 1888 agrestibus
1217 1825 1320 1888 opem.

297 1901 437 1983 quinque
454 1899 542 1962 milia
551 1899 765 1962 Macedonum
782 1897 880 1962 missa
898 1897 939 1961 ad
956 1897 1150 1982 praesidium
1163 1896 1272 1981 Pythii
1291 1907 1322 1962 et
1340 1920 1353 1966 a

296 1994 427 2069 Petrae,
454 1992 571 2075 quibus
593 1992 765 2076 praepositi
788 2001 878 2055 erant
894 1990 1058 2054 Histiaeus
1083 2003 1114 2054 et
1131 1991 1320 2075 Theogenes

297 2099 330 2152 et
346 2087 471 2151 Midon.
498 2086 548 2149 his
565 2085 716 2168 profectis
733 2085 837 2169 ripam
855 2085 979 2148 munire
997 2083 1092 2169 Elpei
1109 2085 1247 2148 fluminis
1265 2085 1321 2148 ad·
1341 2107 1374 2152 ro

296 2204 425 2266 gressus
449 2190 511 2255 est,
538 2179 614 2262 quia
636 2177 719 2242 sicco
742 2179 834 2243 alveo
857 2178 983 2241 transiri
1009 2189 1144 2262 poterat
1187 2177 1262 2241 huic
1285 2189 1321 2241 ut
1341 2200 1370 2244 11

297 2275 398 2339 omnis
416 2273 586 2338 multitudo
604 2283 746 2349 vacaret,
769 2272 907 2337 feminae
927 2295 967 2337 ex
984 2271 1169 2357 propinquis
1188 2271 1321 2336 urbibus
1379 2275 1381 2277 ’

297 2381 386 2434 cocta
408 2368 526 2432 cibaria
547 2368 581 2431 in
602 2379 706 2432 castra
723 2367 924 2432 adferebant:
948 2367 1038 2433 miles
1060 2366 1165 2432 iussus
1184 2389 1224 2432 ex
1248 2389 1321 2453 pro-

297 2463 424 2549 pinquis
443 2462 528 2527 silvis
545 2462 683 2549 benigne
702 2459 727 2549 [.
737 2512 745 2527 .
757 2460 782 2548 .]

361 2555 534 2619 XXXIII.
559 2553 644 2641 [....]
656 2556 810 2632 conferre,
827 2567 987 2641 postremo
1002 2557 1093 2640 sequi
1106 2579 1141 2621 se
1160 2556 1319 2642 putearios
1341 2575 1354 2619 1

297 2650 339 2714 ad
355 2672 453 2726 mare,
471 2648 557 2732 quod
574 2649 680 2712 minus
693 2659 850 2714 trecentos
864 2672 977 2733 passus
992 2652 1112 2727 aberat,
1130 2651 1222 2714 iussit
1239 2662 1271 2715 et
1287 2650 1322 2713 in

296 2746 388 2809 litore
410 2743 488 2808 ahos
513 2743 589 2807 alibi
611 2743 743 2808 modicis
766 2744 941 2808 intervallis
964 2744 1083 2808 fodere.
1127 2755 1251 2808 montes
1273 2743 1355 2807 in-2

295 2838 400 2923 gentis
422 2837 597 2902 altitudinis
619 2860 709 2922 spem
733 2837 908 2914 faciebant,
935 2859 973 2901 ec
996 2838 1098 2922 magis
1121 2837 1321 2921 quianullus

296 2943 421 3017 apertos
431 2944 595 3018 egererent
608 2933 703 3008 rivos,
722 2933 862 2997 occultos
873 2932 1033 2999 continere
1046 2933 1166 3011 latices,
1185 2954 1320 3016 quorum

296 3049 396 3092 venae
413 3026 447 3091 in
464 3049 551 3092 mare
574 3037 796 3112 permanantes
815 3027 921 3092 undae
942 3028 1158 3093 miscerentur.
1193 3028 1248 3092 vix
1266 3028 1321 3093 de·
1339 3043 1355 3091 3
1432 3020 1433 3023 ¹

297 3120 393 3185 ducta
402 3144 526 3186 summa
539 3121 658 3186 harena
667 3132 743 3199 erat,
758 3143 831 3186 cum
842 3122 1048 3208 scaturigines
1059 3122 1204 3188 turbidae
1218 3123 1320 3207 primo

296 3226 328 3278 et
339 3225 449 3279 tenues
459 3215 683 3291 emicare,dein
692 3216 846 3299 liquidam
854 3218 1049 3300 multamque
1059 3218 1192 3281 fundere
1202 3239 1319 3300 aquam
1373 3271 1377 3277 .

296 3309 383 3373 velut
405 3309 500 3374 dedm
518 3309 602 3373 dono
621 3320 802 3394 coeperunt.
846 3311 1046 3394 aliquantum
1064 3334 1102 3374 ea
1119 3332 1247 3393 quoque
1270 3333 1319 3374 res
1338 3328 1355 3372 4

296 3402 370 3466 duci
388 3402 493 3468 famae
511 3414 542 3467 et
560 3402 755 3467 auctoritatis
773 3415 852 3489 aput
867 3405 983 3468 milites
1001 3403 1125 3467 adiecit.
1153 3404 1246 3466 iussis
1266 3403 1321 3466 de-

296 3494 370 3557 inde
383 3495 537 3559 militibus
551 3496 700 3579 expedire
715 3518 812 3572 arma,
829 3497 899 3579 ipse
913 3518 987 3559 cum
998 3495 1133 3558 tribunis
1147 3495 1320 3579 primisque

299 3586 462 3650 ordinibus
476 3587 518 3651 ad
531 3588 791 3672 contemplandos
800 3589 950 3653 transitus
961 3587 1026 3673 [est
1039 3610 1226 3673 progressus
1241 3584 1319 3671 qua]

297 3681 467 3745 descensus
481 3679 582 3744 facilis
597 3682 736 3757 armatis,
754 3703 818 3765 qua
830 3682 863 3745 in
877 3683 1059 3747 ulteriorem
1076 3682 1177 3767 ripam
1191 3681 1321 3745 minime

295 3774 397 3840 inicus
416 3796 566 3839 ascensus
580 3785 672 3840 esset.
698 3774 747 3840 his
761 3777 837 3840 satis
853 3776 1024 3861 exploratis
1040 3776 1095 3841 illa
1112 3798 1239 3860 quoque
1257 3774 1321 3860 pri·
1339 3792 1353 3839 5

296 3865 396 3945 mum,
413 3880 450 3933 ut
459 3869 569 3933 ordine
579 3891 616 3934 ac
627 3870 694 3934 sine
707 3871 846 3935 tumultu
855 3872 961 3936 omnia
973 3871 1007 3935 in
1016 3872 1142 3958 agmine
1153 3871 1193 3935 ad
1207 3880 1321 3935 nutum

296 3964 527 4048 imperiumque
546 3964 635 4029 ducis
657 3965 782 4043 fierent,
807 3966 959 4051 providit:
986 3967 1043 4030 ubi
1061 3966 1208 4031 omnibus
1227 3965 1320 4031 simul
1338 3985 1353 4031 e

295 4058 553 4143 pronuntiaretur
561 4060 646 4142 quod
662 4060 865 4145 fieretneque
876 4084 985 4128 omncs
995 4062 1190 4138 exaudirent,
1200 4060 1319 4126 incerto

295 4150 429 4237 imperio
446 4164 577 4237 accepto
595 4154 684 4231 alios,
703 4156 744 4219 ab
762 4178 797 4221 se
814 4156 996 4234 adicientes,
1014 4157 1086 4241 plus
1105 4177 1142 4221 ec
1157 4155 1243 4239 quod
1260 4155 1319 4217 im-

296 4256 441 4330 peratum
455 4248 505 4325 sit,
524 4248 602 4313 alios
616 4248 721 4314 minus
740 4249 861 4328 facere3
880 4252 1033 4316 clamores
1047 4250 1161 4316 deinde
1175 4249 1318 4313 dissonos
