3384 4975
536 526 653 585 111111
670 527 828 598 xxxxn,
847 529 873 582 o.
888 528 912 582 1.
931 527 1012 594 [ac.
1023 529 1085 598 171]
1285 517 1327 584 33

298 691 347 754 M.
367 686 526 753 Caecilius
548 670 683 751 Denter.
728 696 760 748 et
783 682 856 768 [ab]
875 685 1037 749 Antiocho
1060 708 1136 770 rege
1158 688 1218 751 sub
1240 688 1326 752 idem
1344 711 1358 757 6

298 795 424 866 tempus
443 780 541 864 legati
558 789 725 843 venerunt.
761 798 897 859 quorum
919 778 1066 862 princeps
1083 780 1275 863 Apollonius
1292 783 1326 846 in

297 887 445 940 senatum
462 872 661 936 introductus
678 870 786 933 multis
810 871 964 953 iustisque
982 872 1086 935 causis
1103 895 1212 958 regem
1231 897 1326 940 excu-
1389 915 1392 922 ·

298 969 396 1043 savit,
419 967 507 1048 quod
524 963 717 1049 stipendium
734 963 835 1028 serius
854 965 959 1046 quoad
983 963 1066 1028 diem
1083 979 1270 1048 praestaret:
1293 971 1327 1033 id
1345 993 1359 1038 7

298 1085 335 1126 se
359 1082 452 1124 omne
476 1059 655 1134 advexisse,
681 1078 722 1121 ne
748 1057 839 1121 cuius
865 1057 926 1121 nisi
952 1058 1103 1144 temporis
1130 1062 1233 1143 gratia
1258 1064 1327 1146 regi

300 1157 401 1220 tieret.
446 1156 565 1218 donum
581 1162 744 1238 praeterea
762 1151 890 1228 afferre,
908 1174 986 1217 vasa
1004 1175 1101 1218 aurea
1118 1153 1326 1237 quingentbm

300 1249 418 1333 pondo.
462 1259 570 1332 petere
588 1269 712 1331 regem,
735 1257 786 1322 ut,
809 1267 984 1328 quaecum
1007 1258 1097 1331 patre
1115 1268 1174 1310 suo
1193 1247 1326 1311 societas
1345 1269 1360 1317 8

300 1352 396 1424 atque
415 1341 554 1406 amicitia
574 1341 702 1417 fuisset,
726 1362 765 1405 ea
786 1362 895 1405 secum
913 1350 1121 1405 renovaretur
1141 1341 1327 1426 imperaret·

298 1457 363 1518 que
378 1436 439 1498 sibi
456 1436 594 1520 populus
603 1436 779 1510 Romanus,
798 1456 880 1517 quae
894 1434 979 1498 bono
993 1434 1143 1518 fidelique
1157 1436 1244 1499 socio
1258 1436 1328 1521 regi

299 1540 406 1593 essent
431 1529 630 1613 imperanda3
658 1551 693 1592 se
720 1529 807 1592 nullo
830 1549 967 1610 usquam
990 1539 1187 1593 cessaturum
1209 1529 1324 1593 officio.

299 1645 340 1686 ea
355 1623 469 1686 merita
485 1623 519 1686 in
537 1619 603 1707 [se]
622 1633 751 1687 senatus
768 1621 882 1698 fuisse,
906 1644 980 1686 cum
997 1621 1120 1687 Romae
1138 1633 1236 1699 esset,
1254 1646 1326 1687 eam
1345 1645 1358 1691 9

298 1716 479 1783 comitatem
496 1716 679 1792 iuventutis,
698 1727 735 1779 ut
751 1739 809 1800 pro
827 1738 918 1800 rege,
936 1737 1001 1779 non
1019 1738 1076 1800 pro
1095 1717 1206 1781 obside
1224 1717 1326 1781 omni·
1403 1734 1411 1746 ⁴

298 1808 358 1874 bus
382 1810 545 1874 ordinibus
568 1810 674 1874 fuerit.
717 1809 831 1895 legatis
854 1811 993 1896 benigne
1014 1833 1202 1895 responsum
1220 1822 1252 1874 et
1274 1833 1325 1875 so·
1345 1833 1376 1880 10

297 1903 447 1968 eietatem
468 1925 621 1968 renovare
644 1927 717 1967 cum
739 1904 919 1980 Antiocho,
947 1926 1029 1987 quae
1052 1927 1124 1968 cum
1147 1916 1237 1988 patre
1256 1904 1324 1969 eius

297 1997 417 2073 fuerat,
443 1998 487 2060 A.
509 1997 628 2061 Atilius
654 2009 782 2082 praetor
806 1998 949 2062 urbanus
975 1999 1090 2061 iussus.
1141 2009 1324 2080 quaestores
1345 2021 1374 2066 11

297 2091 414 2153 urbani
429 2090 631 2176 stipendium,
641 2112 719 2154 vasa
734 2114 830 2155 aurea
840 2113 987 2155 censores
1002 2102 1207 2175 acceperunt,
1216 2092 1324 2173 eisque

297 2183 463 2267 negotium
489 2183 600 2247 datum
622 2195 685 2261 est,
713 2193 749 2246 ut
769 2197 925 2268 ponerent
948 2206 986 2248 ea
1007 2183 1041 2246 in
1063 2182 1179 2265 quibus
1200 2183 1325 2267 templis

297 2278 473 2354 videretur3
496 2278 601 2362 legato
619 2288 747 2343 centum
770 2277 893 2343 milium
911 2278 992 2343 aeris
1010 2300 1127 2341 munus
1143 2277 1275 2340 missum
1294 2287 1325 2340 et

297 2371 392 2435 aedes
410 2371 529 2436 liberae
546 2371 684 2456 hospitio
702 2372 797 2436 datae
815 2383 1026 2459 sumptusque
1044 2371 1204 2446 decretus,
1223 2371 1324 2434 donec

296 2464 332 2529 in
350 2465 444 2529 Italis
461 2477 554 2529 esset.
597 2465 709 2550 legati,
728 2465 783 2549 qui
800 2465 833 2529 in
852 2465 947 2551 Syria
964 2466 1105 2541 fuerant,
1122 2465 1324 2530 renuntiave·
1344 2490 1375 2536 11

296 2569 384 2634 rant,
410 2559 444 2623 in
465 2558 605 2623 maximo
624 2579 698 2623 eum
719 2560 838 2625 honore
857 2572 935 2644 aput
956 2582 1065 2644 regem
1084 2582 1153 2623 esse
1171 2559 1324 2623 amicissi-

296 2673 450 2734 mumque
468 2651 587 2737 populo
605 2651 763 2716 Romano.

363 2745 440 2811 VII.
467 2746 508 2809 In
524 2746 696 2830 provinciis
714 2768 752 2810 eo
771 2767 854 2809 anno
872 2746 961 2809 haec.
994 2742 1032 2809 C.
1053 2742 1215 2808 Cicereius
1233 2767 1325 2829 prae·
1345 2770 1357 2814 1

297 2849 348 2903 tor
360 2839 394 2904 in
407 2832 541 2904 Corsica
555 2839 654 2924 signis
669 2840 800 2905 conlatis
818 2840 988 2926 pugnavit'3
1008 2851 1128 2925 septem
1146 2838 1233 2903 milia
1244 2836 1324 2904 Cor-

297 2955 406 2997 sorum
424 2956 527 3011 caesa,
545 2934 630 3019 capti
648 2937 783 3020 amplius
799 2936 887 3000 mille
906 2945 938 2999 et
955 2933 1156 3018 septingenti.
1193 2944 1323 2999 voverat

298 3028 332 3091 in
350 3050 388 3091 ea
404 3052 514 3113 pugna
529 3044 658 3114 praetor
676 3030 788 3095 aedem
805 3030 923 3095 Iunoni
934 3030 1098 3094 Monetae.
1125 3050 1189 3113 pax
1207 3028 1322 3093 deinde
1342 3054 1356 3099 2

298 3120 375 3185 data
388 3124 568 3207 petentibus
579 3122 698 3201 Corsis,
709 3136 740 3191 et
749 3137 863 3191 exacta
873 3148 963 3190 cerae
972 3126 1097 3190 ducena
1105 3125 1192 3188 milia
1205 3125 1323 3209 pondo.

297 3239 339 3281 ex
353 3214 485 3283 Corsica
502 3220 635 3284 subacta
649 3218 812 3286 Cicereius
829 3222 864 3285 in
883 3220 1064 3287 Sardiniam
1082 3221 1263 3284 transmisit.
1291 3238 1324 3284 et
1343 3241 1356 3285 a

296 3310 330 3373 in
352 3310 527 3395 Liguribus
553 3314 587 3377 in
613 3336 691 3399 agro
713 3314 873 3381 Statellati
899 3325 1078 3401 pugnatum
1104 3315 1147 3377 ad
1169 3314 1323 3398 oppidum

298 3400 481 3486 Carystum.
517 3427 555 3470 eo
574 3430 608 3471 se
624 3430 761 3492 magnus
779 3410 936 3473 exercitus
954 3409 1114 3491 Ligurum
1137 3408 1322 3470 contulerat.

297 3496 401 3578 primo
424 3497 483 3559 sub
506 3499 680 3562 adventum
695 3501 745 3563 M.
763 3500 883 3584 Popilli
903 3501 1041 3563 consulis
1063 3500 1231 3561 moenibus
1254 3518 1322 3559 sese
1341 3518 1357 3561 4

298 3587 520 3662 continebant3
547 3589 660 3652 deinde
686 3603 857 3673 postquam
884 3592 1037 3673 oppidum
1063 3599 1323 3672 oppugnaturum

297 3678 482 3744 Romanum
495 3680 675 3757 cernebant,
693 3684 853 3765 progressi
866 3695 938 3746 ante
956 3693 1064 3767 portas
1082 3681 1184 3745 aciem
1202 3691 1324 3744 struxe-

297 3784 383 3839 runt.
419 3795 478 3838 nec
495 3775 621 3852 consul,
639 3787 675 3839 ut
693 3776 748 3859 qui
765 3776 799 3840 id
815 3777 921 3861 ipsum
939 3776 1175 3861 oppugnatione
1193 3775 1324 3839 commi·
1342 3797 1356 3842 a

297 3868 405 3933 nanda
422 3869 607 3951 quaesisset,
625 3893 748 3934 moram
766 3871 930 3935 certamini
947 3871 1032 3936 fecit.
1060 3882 1237 3955 pugnatum
1256 3892 1323 3933 am-

299 3964 382 4046 plius
400 3963 456 4025 tris
475 3975 522 4027 est
544 3964 652 4040 horas,
674 3965 720 4028 ita
743 3977 779 4029 ut
795 3976 908 4029 neutro
926 3966 1092 4029 inclinaret
1109 3988 1191 4049 spes.
1236 3965 1321 4048 quod
1341 3985 1354 4031 6

298 4055 354 4118 ubi
372 4058 483 4120 consul
505 4058 584 4122 vidit
605 4059 694 4123 nulla
710 4056 804 4145 parte
817 4061 940 4126 moveri
957 4060 1117 4146 Ligurum
1135 4060 1240 4145 signa,
1262 4060 1322 4124 im·

294 4159 390 4233 perat
412 4151 587 4233 equitibus,
609 4164 644 4217 ut
666 4176 765 4237 equos
788 4156 1017 4231 conscendant,
1044 4177 1082 4219 ao
1103 4154 1204 4218 tribus
1227 4155 1321 4219 simul

279 4273 281 4278 2
298 4243 442 4325 partibus
459 4244 493 4308 in
514 4245 629 4324 hostis,
653 4261 772 4331 quanto
795 4248 935 4314 maximo
952 4260 1083 4336 possent
1100 4249 1252 4325 tumultu,
1274 4248 1323 4310 in·

348 4342 394 4385 Liri
405 4345 445 4385 rot.
454 4344 492 4387 W.
1093 4349 1111 4401 3
