3384 4975
328 499 391 564 148
511 509 630 564 LIBER
645 505 834 574 xxxma,
852 505 965 559 ts-ao.
983 504 1170 570 {auctam

326 679 403 733 ante
418 669 524 732 lucem
540 665 665 728 Axium
682 686 809 727 amnem
831 662 976 737 traicere,
995 684 1068 725 eum
1086 661 1182 725 finem
1199 663 1364 744 sequendi

325 774 456 848 propter
473 759 695 822 difficultatem
711 757 862 820 transitus
878 755 948 820 fore
964 768 1053 819 ratus
1071 755 1235 818 Romanis.

294 876 309 922 1
390 852 618 920 XXXXIHI.
645 849 831 926 Consulem,
851 873 926 913 eum
938 873 973 914 se
986 851 1021 912 in
1035 866 1140 913 castra
1152 850 1254 912 victor
1266 873 1363 918 rece-

326 949 439 1033 pisset,
459 969 502 1011 ne
523 947 645 1010 sincero
662 945 781 1030 gaudio
798 944 972 1018 frueretur,
997 966 1075 1007 cura
1091 943 1132 1006 de
1148 943 1272 1007 minore
1288 944 1362 1008 filio

293 1064 310 1110 2
327 1039 520 1105 stimulabat.
563 1038 604 1102 P.
623 1038 732 1123 Scipio
752 1037 781 1101 is
798 1048 881 1111 erat,
901 1037 1077 1100 Africanus
1094 1048 1128 1100 et
1149 1037 1218 1120 ipse
1241 1049 1361 1121 postea

328 1135 433 1199 deleta
459 1131 656 1216 Carthagine
686 1131 880 1215 appellatus,
911 1131 1066 1193 naturalis
1092 1130 1230 1193 consulis
1256 1129 1361 1194 Pauli

293 1249 309 1296 3
327 1228 421 1302 filius,
439 1226 608 1311 adoptione
625 1224 772 1288 Africani
789 1246 900 1309 nepos.
936 1223 964 1286 is
982 1240 1165 1307 septumum
1182 1223 1360 1288 decumum

326 1333 404 1386 tunc
429 1343 550 1384 annum
572 1342 687 1404 agens,
713 1319 801 1401 quod
825 1319 932 1402 ipsum
957 1340 1068 1382 curam
1094 1316 1250 1401 augebat,
1277 1316 1360 1381 dum

328 1415 430 1479 effirse
456 1413 600 1495 sequitur
625 1413 747 1488 hostes,
777 1412 812 1473 in
836 1423 960 1495 partem
987 1412 1083 1473 aliam
1108 1411 1202 1473 turba
1228 1410 1358 1474 ablatus

327 1519 394 1572 erat
399 1532 409 1583 ;
427 1518 459 1570 et
476 1507 578 1570 serius
591 1528 666 1569 cum
679 1505 823 1580 redisset,
840 1517 918 1570 tune
932 1504 1071 1581 demum,
1088 1515 1217 1588 recepto
1234 1505 1358 1589 sospite

327 1603 403 1681 filio,
420 1603 571 1666 victoriae
589 1613 696 1665 tantae
712 1601 868 1685 gaudium
885 1603 996 1664 consul
1013 1600 1121 1664 sensit.

293 1719 310 1764 4
391 1695 613 1780 Amphipolim
630 1716 705 1758 eum
721 1695 786 1757 iam
804 1694 892 1757 fama
908 1717 1036 1778 pugnae
1054 1694 1260 1778 pervenisset,
1279 1716 1359 1758 oon-

328 1811 504 1872 cursusque
521 1799 737 1851 matronarum
753 1788 787 1850 in
804 1788 960 1873 templum
968 1787 1107 1863 Dianae,
1125 1809 1221 1870 quam
1230 1788 1359 1852 Tauro-

303 1885 424 1969 ¹polon
450 1893 580 1959 vocant,
606 1881 648 1946 ad
670 1904 764 1967 opem
787 1881 1022 1966 exposcendam
1048 1882 1153 1956 fieret,
1179 1880 1358 1957 Diodorus,

329 1978 385 2060 qui
397 1987 543 2062 praeerat
555 1974 638 2051 urbi,
655 1988 801 2038 metuens
817 1998 859 2038 ne
868 1975 1021 2050 Thraces,
1041 1996 1178 2057 quorum
1190 1975 1253 2038 duo
1268 1976 1360 2038 milia

327 2071 362 2134 in
374 2071 531 2155 praesidio
541 2081 640 2146 erant,
659 2069 771 2133 urbem
784 2069 818 2133 in
832 2070 972 2134 tumultu
986 2071 1169 2154 diriperent,
1188 2071 1230 2132 ab
1243 2071 1360 2135 subor-

328 2178 403 2228 nato
425 2164 467 2228 ab
489 2188 524 2228 se
546 2187 604 2248 per
623 2163 784 2227 fallaciam
805 2163 839 2227 iu
862 2163 1009 2228 tabellari
1027 2164 1165 2248 speciem
1183 2165 1303 2228 litteras
1321 2166 1359 2229 in

294 2260 399 2326 afore
417 2259 521 2322 medio
540 2259 671 2342 accepit.
717 2259 870 2342 seriptum
892 2259 926 2321 in
949 2259 987 2321 iis
1006 2270 1089 2334 erat,
1113 2260 1154 2321 ad
1171 2258 1360 2323 Emathiam

329 2353 463 2416 classem
479 2351 659 2414 Romanam
676 2352 843 2435 adpulsam
866 2374 935 2415 esse
953 2375 1110 2436 agrosque
1129 2353 1213 2416 circa
1230 2355 1357 2416 vexari:

329 2469 418 2510 orare
436 2445 614 2530 praefectos
624 2445 803 2522 Emathiae,
821 2458 858 2510 ut
875 2447 1069 2532 praesidium
1084 2448 1235 2513 adversus
1252 2470 1360 2534 popu·

296 2541 445 2611 alatores
469 2540 582 2604 mittat.
625 2539 675 2603 his
697 2541 786 2604 lectis
809 2541 953 2605 hortatur
970 2543 1128 2618 Thracas,
1151 2554 1187 2606 ut
1205 2544 1247 2605 ad
1265 2557 1361 2607 tuen-

330 2638 403 2701 dam
413 2635 581 2700 Emathiae
600 2657 689 2700 oram
706 2636 961 2721 proficiscantur:
984 2660 1135 2721 magnam
1152 2659 1206 2700 eos
1225 2638 1360 2701 caedem

329 2731 544 2817 praedamque
568 2730 681 2815 palatis
702 2732 823 2814 passim
844 2754 902 2815 per
920 2753 1013 2815 agros
1032 2731 1185 2793 Romanis
1204 2731 1358 2794 facturos

297 2844 311 2888 t
331 2825 424 2889 simul
444 2826 545 2888 elevat
563 2824 682 2886 famam
700 2825 853 2888 adversae
871 2847 1012 2909 pugnae:
1032 2846 1113 2905 quae
1129 2824 1157 2886 si
1175 2847 1251 2888 vera
1263 2824 1359 2898 foret,

297 2936 313 2983 8
332 2920 428 2982 alium
447 2940 542 3000 super
560 2918 658 2980 alium
675 2931 816 2982 recentes
836 2943 876 2982 ex
894 2919 974 3002 fuga
990 2928 1140 2982 venturos
1158 2918 1267 2981 fuisse.
1299 2942 1360 3003 per

330 3011 413 3074 hanc
431 3032 560 3073 causam
574 3011 753 3075 Thracibus
772 3013 938 3096 ablegatis,
956 3013 1051 3075 simul
1069 3023 1281 3096 transgressos
1301 3035 1358 3076 eos
1411 3059 1414 3064 -

332 3103 535 3187 Strymonem
555 3104 644 3178 vidit,
663 3118 771 3187 portas
790 3107 913 3169 clausit.

299 3216 311 3262 1
395 3197 584 3262 XXXXV.
611 3198 720 3261 Tertio
743 3199 793 3263 die
811 3200 950 3264 Perseus
975 3221 1071 3282 quam
1093 3211 1271 3284 pugnatum
1290 3211 1361 3265 erat

328 3290 551 3376 Amphipolim
569 3293 665 3356 venit.
710 3292 784 3357 inde
802 3306 942 3357 oratores
961 3316 1034 3356 cum
1053 3295 1192 3357 caduceo
1211 3295 1252 3356 ad
1269 3294 1360 3357 Pau-

297 3388 398 3452 tlum
424 3386 517 3448 misit.
562 3386 688 3452 interim
715 3388 853 3472 Hippias
881 3401 912 3452 et
940 3388 1056 3451 Midon
1084 3400 1115 3451 et
1138 3389 1358 3464 Pantauchus,

330 3480 488 3566 principes
507 3479 681 3543 amicorum
699 3482 799 3565 regis,
822 3482 995 3557 Beroeam,
1020 3505 1083 3566 quo
1102 3506 1143 3545 ex
1160 3483 1227 3545 acie
1245 3482 1359 3546 confu-

331 3585 459 3659 gerant,
477 3572 538 3658 ipsi
556 3574 597 3638 ad
616 3576 778 3640 consulem
795 3576 931 3659 profecti
949 3578 1101 3641 Romanis
1120 3577 1250 3640 dedunt.
1296 3575 1359 3639 hoe

331 3669 415 3732 idem
442 3680 473 3731 et
500 3668 553 3731 alii
580 3669 738 3754 deinceps.
778 3682 865 3734 metu
894 3672 1031 3755 perculsi
1057 3672 1213 3755 parabant
1240 3669 1355 3734 facere.

297 3779 313 3824 3
332 3763 441 3825 consul
464 3762 583 3827 nuntiis
606 3764 756 3828 victoriae
781 3762 823 3843 Q.
841 3763 944 3827 Fabio
966 3764 1031 3826 filio
1055 3775 1087 3827 et
1104 3764 1145 3826 L.
1164 3764 1303 3827 Lentulo
1328 3773 1359 3827 et

333 3853 375 3934 Q.
398 3854 531 3919 Metello
558 3878 632 3919 cum
664 3856 776 3921 litteris
802 3857 941 3921 Romam
968 3857 1072 3920 missls
1100 3858 1201 3941 spolia
1227 3856 1359 3921 iacentis

298 3944 471 4012 thostium
489 3950 644 4014 exereitus
663 3950 823 4035 peditibus
842 3951 1007 4025 concessit,
1027 3952 1185 4035 equitibus
1205 3952 1359 4035 praedam

333 4036 526 4105 circumiecti
544 4044 627 4128 agri,
653 4044 729 4108 dum
746 4069 786 4110 ne
805 4045 941 4130 amplius
961 4043 1085 4109 duabus
1103 4046 1251 4110 noctibus
1270 4070 1290 4109 a
1308 4067 1361 4109 ca·

333 4130 405 4212 stris
434 4134 590 4201 abessent.
642 4138 711 4223 ipse
738 4139 868 4224 propius
900 4161 987 4203 mare
1014 4142 1055 4204 ad
1080 4141 1229 4223 Pydnam
1256 4151 1361 4204 castra

300 4242 316 4293 t
333 4223 441 4289 movit.
477 4226 601 4294 Beroea
618 4232 772 4318 primum,
791 4232 907 4297 deinde
924 4232 1153 4299 Thessalonica
1170 4245 1202 4297 et
1218 4234 1311 4297 Pella
1328 4242 1361 4297 et
