3384 4975
419 508 421 513 ’
512 521 1073 593 LIBERXXXXIIH‚22.[a.c.1ea]
1246 505 1307 572 127

280 707 374 751 nemo
392 684 540 749 exstabit.
584 706 660 747 nam
676 703 762 745 nunc
780 681 911 763 quidem
928 679 1014 764 quod
1031 680 1129 764 vulgo
1147 677 1225 756 fieri,
1244 677 1304 743 hoc
1324 699 1338 745 7

280 779 451 866 praecipue
466 779 560 854 belle,
574 776 793 852 animadverti,
811 796 906 838 nemo
915 785 982 838 tam
996 773 1100 838 famae
1111 784 1308 857 contemptor

281 884 344 951 est,
368 873 459 937 euius
475 894 541 935 non
560 870 718 934 debilitari
735 867 994 953 animus‘possit.¹
1031 867 1065 931 in
1083 867 1229 931 omnibus
1247 867 1308 931 cir·
1326 888 1341 935 8

282 969 376 1041 culis,
403 977 499 1049 atque
525 964 635 1041 etiam,
663 965 690 1028 si
716 965 764 1028 dis
790 964 910 1049 placet,
938 962 972 1026 in
995 963 1135 1026 convivis
1157 972 1231 1025 sunt
1254 962 1308 1044 qui

283 1061 440 1126 exercitus
456 1061 491 1123 in
507 1058 732 1123 Macedoniam
750 1059 879 1135 ducant,
897 1057 954 1121 ubi
972 1068 1076 1121 castra
1092 1057 1228 1121 locanda
1246 1055 1309 1119 sint

283 1155 399 1230 sciant,
423 1176 505 1236 quae
527 1153 598 1217 loca
614 1153 779 1237 praesidiis
798 1152 1001 1237 occupanda,
1026 1151 1155 1235 quando
1172 1161 1228 1213 aut
1245 1171 1309 1232 quo

283 1251 365 1313 saltu
381 1249 528 1313 intranda
535 1248 738 1323 Macedonia,
756 1247 813 1311 ubi
830 1246 945 1312 horrea
961 1248 1120 1333 ponenda,
1138 1267 1203 1331 qua
1216 1258 1309 1322 terra,

281 1342 361 1406 mari
379 1341 596 1408 subvehantur
613 1353 824 1418 commeatus,
849 1342 977 1425 quando
996 1365 1069 1406 cum
1087 1340 1178 1406 hoste
1195 1363 1310 1405 manus

285 1436 513 1513 conserendae,
537 1437 666 1520 quando
684 1436 810 1520 quiesse
829 1436 871 1500 sit
891 1436 1014 1500 melius.
1058 1458 1119 1500 nec
1137 1436 1214 1520 quid
1231 1435 1310 1501 saci·
1329 1453 1344 1500 9

282 1531 401 1595 endum
424 1531 465 1595 sit
482 1532 577 1595 modo
596 1541 754 1607 statuunt,
778 1531 835 1595 sed
854 1530 1009 1613 quidquid
1027 1531 1118 1596 aliter
1135 1553 1232 1614 quam
1248 1530 1311 1616 ipsi

283 1645 434 1689 censuere
451 1624 573 1690 factum
591 1636 654 1700 est,
677 1625 841 1689 consulem
859 1624 958 1688 veluti
976 1625 1061 1689 dicta
1079 1624 1130 1690 die
1148 1635 1308 1689 accusant.

281 1718 362 1783 haec
377 1741 494 1803 magna
510 1718 738 1804 impedimenta
754 1741 806 1783 res
823 1718 1019 1804 gerentibus,
1038 1741 1120 1801 quae
1139 1717 1182 1806 [..
1193 1716 1235 1804 .];
1252 1741 1309 1783 ne·
1328 1735 1362 1783 10

281 1834 344 1896 que
370 1814 455 1876 enim
481 1834 591 1878 omnes
617 1824 683 1877 tam
709 1814 793 1878 firmi
819 1824 852 1878 et
878 1814 1051 1878 constantis
1078 1813 1176 1877 animi
1197 1824 1309 1878 eontra

281 1906 451 1970 adversum
467 1929 628 1970 rumorem
645 1929 714 1972 esse
732 1918 866 1992 possunt
885 1904 1014 1993 [quam]
1034 1904 1076 1988 Q.
1094 1895 1217 1971 Fabius
1235 1907 1307 1983 fuit,

282 1999 337 2083 qui
361 2022 454 2063 suum
476 1999 646 2084 imperium
667 1999 768 2064 minui
790 2023 848 2085 per
871 2002 1044 2065 vanitatem
1068 2000 1178 2086 populi
1196 2000 1309 2064 maluit

282 2115 380 2176 quam
393 2094 534 2157 secunda
550 2093 637 2156 fama
648 2094 733 2158 male
745 2117 814 2158 rem
831 2094 994 2178 publicam
1007 2117 1128 2178 gerere.
1156 2116 1220 2157 non
1238 2117 1309 2157 sum
1328 2111 1358 2157 11

281 2189 324 2264 is,
352 2187 407 2270 qui
433 2209 497 2250 non
523 2187 712 2252 existumem
739 2187 957 2252 admonendos
979 2187 1078 2252 duces
1101 2210 1169 2252 esse
1176 2212 1185 2265 3
1212 2188 1308 2251 immo

282 2304 371 2357 eum,
390 2281 504 2365 quide
523 2303 581 2345 sua
598 2283 692 2346 unius
711 2281 868 2347 sententia
885 2281 991 2346 omnia
1008 2292 1113 2367 gerat,
1136 2281 1310 2366 superbum

280 2374 387 2439 iudico
404 2374 507 2458 magis
530 2396 628 2458 quam
650 2375 836 2461 sapientem.
882 2375 960 2459 quid
983 2398 1059 2461 ergo
1078 2376 1144 2440 est?
1170 2373 1309 2460 primum
1328 2391 1361 2437 12

281 2492 301 2531 a
318 2467 527 2553 prudentibus
545 2480 578 2534 et
594 2470 720 2555 proprie
733 2469 780 2535 rei
797 2469 942 2535 militaris
960 2469 1069 2556 peritis
1084 2480 1116 2536 et
1130 2493 1191 2535 usu
1207 2469 1308 2534 doctis

281 2560 432 2624 monendi
457 2560 664 2646 imperatores
687 2575 776 2641 sunt,
803 2564 919 2629 deinde
937 2567 979 2629 ab
1001 2565 1051 2629 his
1074 2565 1128 2647 qui
1151 2564 1309 2627 intersunt

281 2653 430 2740 gerendis
455 2652 580 2739 [rebus‚
607 2652 678 2740 qui]
695 2655 781 2732 loca,
809 2657 865 2739 qui
887 2658 1025 2733 hostem,
1053 2658 1109 2740 qui
1130 2667 1309 2741 temporum

282 2747 550 2833 opportunitatem
567 2748 687 2826 vident,
705 2750 760 2832 qui
777 2750 811 2815 in
829 2750 943 2816 eodem
960 2750 1049 2815 velut
1066 2750 1194 2835 navigio
1212 2749 1310 2835 parti·

282 2843 368 2927 cipes
387 2852 462 2906 sunt
478 2842 621 2927 periculi.
648 2842 756 2926 itaque
774 2844 802 2909 si
820 2845 891 2927 quis
910 2856 967 2922 est,
985 2844 1041 2928 qui
1058 2844 1145 2928 quod
1162 2868 1181 2909 e
1197 2866 1232 2909 re
1249 2866 1309 2929 pu·
1328 2858 1360 2905 13
1457 2845 1460 2851 '

282 2935 365 3000 blica
383 2936 423 3000 sit
440 2937 574 3001 suadere
593 2959 627 3000 se
644 2936 723 3001 mihi
740 2938 773 3001 in
788 2960 826 3002 eo
844 2938 938 3015 bello,
956 2939 1043 3023 quod
1059 2949 1208 3024 gesturus
1226 2961 1308 3013 sum,

282 3030 430 3105 confidat,
447 3030 533 3094 isne
552 3030 689 3116 deneget
711 3053 841 3118 operam
863 3032 910 3097 rei
931 3033 1078 3118 publicae
1096 3033 1178 3097 etin
1196 3032 1309 3096 Maee-

282 3123 411 3187 doniam
428 3146 554 3189 mecum
571 3126 688 3190 veniat.
731 3148 828 3204 nave,
847 3147 940 3209 equo,
958 3128 1173 3205 tabernaculo,
1191 3127 1307 3192 viatico

283 3216 378 3282 etiam
396 3240 417 3281 a
432 3241 484 3282 me
500 3219 671 3283 iuvabitur.
698 3220 723 3283 si
743 3241 840 3303 quem
857 3219 891 3283 id
908 3220 1014 3286 facere
1032 3222 1120 3306 piget
1134 3218 1197 3306 [et]
1207 3221 1307 3285 otium
1327 3237 1360 3283 14

282 3311 441 3375 urbanum
457 3313 587 3377 militiae
605 3314 768 3379 laboribus
786 3326 967 3400 praeoptat,
991 3337 1008 3380 e
1027 3327 1110 3379 terra
1127 3338 1167 3378 ne
1189 3315 1308 3399 guber·
1411 3312 1414 3316 ’

283 3405 414 3468 navarit.
459 3428 639 3470 sermonum
662 3408 738 3472 satis
759 3409 830 3492 ipsa
852 3409 983 3492 praebet
1005 3408 1092 3471 urbs.
1135 3407 1309 3488 loquacita-
1329 3424 1360 3469 15

284 3516 349 3561 tem
372 3521 463 3562 suam
486 3500 659 3564 contineatr
686 3523 745 3564 nos
768 3501 983 3564 castrensibus
1001 3500 1127 3564 consilis
1146 3509 1309 3563 contentos

285 3588 410 3654 futuros
428 3613 497 3654 esse
516 3591 614 3654 sciat.'
642 3592 684 3655 ab
701 3593 762 3657 hac
779 3593 936 3667 contione,
951 3592 1087 3668 Latinis,
1106 3612 1189 3674 quae
1206 3589 1308 3676 pridie
1329 3608 1360 3655 16

283 3683 348 3747 kal.
366 3682 495 3768 Apriles
517 3683 659 3760 fuerunt,
686 3684 720 3748 in
741 3696 849 3749 monte
872 3686 1024 3749 sacrificio
1046 3685 1106 3750 rite
1128 3696 1308 3769 perpetrato

284 3778 429 3866 protinus
451 3778 525 3844 inde
547 3790 579 3843 et
601 3780 712 3844 consul
730 3790 761 3845 et
783 3791 912 3864 praetor
930 3777 990 3845 Cn.
1010 3777 1167 3844 Octavius
1184 3778 1218 3842 in
1235 3778 1309 3841 Ma-

285 3874 451 3941 cedoniam
473 3873 609 3959 profecti
631 3885 714 3940 sunt.
759 3874 910 3938 traditum
928 3874 1100 3940 memoriae
1119 3883 1166 3938 est
1188 3872 1307 3938 maiore
1328 3892 1359 3939 17

285 3990 383 4053 quarn
401 3969 493 4034 solita
510 3969 689 4053 frequentia
706 3968 966 4055 prosequentium
985 3968 1147 4033 consulem
1170 3968 1309 4032 celebra·

284 4078 353 4130 tum
376 4088 413 4131 ac
439 4088 540 4152 prope
563 4076 649 4131 certa
671 4088 728 4151 spe
751 4064 907 4129 ominatos
931 4086 1000 4129 esse
1027 4063 1186 4140 homines,
1212 4062 1308 4128 finem

284 4160 495 4227 Macedonico
530 4162 614 4227 bello
644 4171 869 4243 maturumque
902 4159 1038 4224 reditum
1070 4180 1143 4224 cum
1178 4157 1308 4244 egregio

286 4255 445 4342 triumpho
464 4257 601 4322 consulis
619 4255 696 4321 fore.
