3384 4975
400 534 443 603 26
616 545 733 602 amsa
749 544 893 613 xxxxi,
912 543 954 599 aa
968 543 1011 598 aa
1032 544 1213 614 [arnaco]

398 707 496 774 etiam
513 726 550 771 eo
569 704 620 770 die
643 712 828 790 expugnata
851 701 1121 785 debellatumque3
1143 703 1292 788 namqui
1315 727 1431 790 super·

400 803 491 866 suere
508 799 643 886 proelio,
665 797 699 862 in
717 796 835 883 oppida
857 819 916 862 sua
934 795 1047 881 dilapsi
1070 807 1153 862 sunt.
1189 798 1288 881 quieti
1311 799 1429 865 deinde

400 904 574 982 paruerunt
591 891 733 978 imperio.

368 1014 381 1059 1
464 985 615 1052 XXVII.
643 983 801 1050 Censores
819 1005 857 1049 eo
876 1005 959 1048 anno
977 983 1075 1049 creati
1090 981 1131 1064 Q.
1141 983 1276 1049 Fulvius
1289 984 1429 1052 Flaccus

402 1097 434 1148 et
459 1083 502 1146 A.
526 1079 712 1146 Postumius
737 1077 879 1143 Albinus
909 1078 1055 1165 legerunt
1086 1089 1230 1144 senatum
1237 1103 1246 1155 3
1277 1080 1427 1166 princeps

368 1201 382 1246 2
400 1177 502 1242 lectus
519 1175 569 1244 M.
587 1174 745 1240 Aemilius
763 1173 908 1258 Lepidus
926 1172 1082 1258 pontufex
1100 1174 1268 1237 maximus.
1312 1174 1352 1239 de
1377 1197 1428 1240 se-

399 1280 477 1335 natu
494 1293 610 1335 novem
628 1269 797 1334 eiecerunt.
823 1267 957 1353 insignis
974 1278 1068 1332 notae
1086 1267 1215 1332 fuerunt
1230 1268 1280 1332 M.
1297 1266 1429 1334 Corneli

285 1432 287 1437 ⁴
400 1363 645 1450 Maluginensis,
660 1363 715 1446 qui
730 1362 856 1427 biennio
872 1373 945 1427 ante
959 1373 1085 1448 praetor
1097 1363 1130 1426 in
1139 1362 1298 1448 Hispania
1310 1362 1427 1439 fuerat,

402 1469 434 1524 et
451 1457 492 1522 L.
502 1456 632 1524 Corneli
647 1455 805 1542 Scipionis
823 1457 988 1543 praetoris,
1008 1456 1097 1521 cuius
1117 1466 1184 1520 tum
1202 1457 1284 1520 inter
1302 1456 1381 1521 civis
1396 1467 1428 1521 et

401 1551 585 1638 peregrinos
602 1551 776 1615 iurisdictio
796 1562 873 1628 erat,
892 1563 924 1617 et
932 1551 980 1614 M.
990 1550 1095 1626 Fulvi,
1114 1552 1169 1634 qui
1186 1551 1284 1616 frater
1301 1546 1427 1636 germa-

400 1669 461 1711 nus
479 1657 526 1724 et,
544 1657 580 1710 ut
597 1645 745 1711 Valerius
763 1644 879 1709 Antias
898 1645 1007 1721 tradit,
1027 1667 1155 1709 consors
1174 1643 1269 1710 etiam
1288 1644 1426 1708 censoris

368 1764 383 1810 a
402 1752 479 1806 erat.
506 1741 650 1805 consules
668 1739 751 1805 votis
768 1739 802 1804 in
812 1738 971 1824 Capitolio
988 1740 1179 1824 nuncupatis
1196 1739 1230 1803 in
1246 1737 1425 1823 provincias

401 1834 542 1920 profecti
553 1846 636 1900 sunt.
665 1833 759 1899 exiis
778 1834 827 1898 M.
841 1833 982 1899 Aemilio
1001 1844 1128 1910 senatus
1146 1833 1310 1918 negotium
1328 1832 1426 1909 dedit,

283 1969 285 1985 ·
372 1947 375 1953 ·
400 1940 438 1993 ut
454 1927 684 1993 Patavinorum
701 1927 735 1990 in
750 1927 886 1992 Venetia
903 1927 1091 1992 seditionem
1108 1926 1326 2011 conprimeret,
1345 1946 1427 2008 quos

403 2024 573 2089 certamine
599 2022 774 2088 factionum
798 2021 838 2086 ad
865 2021 899 2086 in
913 2022 1050 2087 estinum
1076 2021 1196 2086 bellum
1218 2020 1370 2085 exarsisse
1395 2029 1428 2084 et

367 2117 544 2203 ripsorum
571 2117 670 2203 legati
695 2116 884 2181 adtulerunt.
934 2116 1032 2202 legati
1058 2116 1113 2199 qui
1138 2116 1172 2180 in
1197 2114 1359 2180 Aetoliam
1385 2113 1426 2178 ad

402 2211 512 2276 similis
530 2223 635 2277 motus
654 2211 896 2297 conprimendos
914 2210 1016 2275 ierant
1033 2210 1269 2286 renuntiarunt,
1289 2207 1427 2273 coerceri

402 2304 524 2368 rabiem
542 2305 646 2389 gentis
668 2327 732 2368 non
749 2327 853 2389 posse.
896 2303 1061 2368 Patavinis
1081 2304 1175 2368 saluti
1192 2302 1253 2367 fuit
1270 2302 1425 2367 adventus

403 2397 540 2462 consulis
546 2421 555 2474 3
578 2420 682 2481 neque
706 2398 792 2462 aliud
809 2398 895 2481 quod
917 2408 1026 2482 ageret
1048 2398 1081 2461 in
1098 2397 1261 2482 provincia
1279 2419 1353 2461 cum
1369 2396 1425 2458 ha-

368 2517 383 2563 5
403 2491 537 2568 buisset‚
560 2491 697 2556 Romam
720 2493 822 2557 rediit.
868 2514 1014 2558 censores
1039 2493 1107 2557 vias
1131 2492 1316 2557 sternendas
1339 2491 1425 2555 silice

401 2586 436 2651 in
448 2585 538 2662 urbe,
551 2588 661 2673 glarea
675 2597 765 2651 extra
773 2587 888 2651 urbem
901 2587 1128 2651 substruendas
1137 2585 1425 2670 marginandasque

401 2682 495 2767 primi
514 2683 655 2748 omnium
672 2684 872 2760 locaverunt,
894 2694 1070 2769 pontesque
1087 2682 1194 2772 multis
1212 2680 1290 2746 locis
1307 2678 1426 2743 facien-

403 2778 476 2854 dos3
503 2788 535 2841 et
561 2800 709 2842 scaenam
731 2778 887 2842 aedilibus
910 2777 1173 2864 praetoribusque
1195 2775 1409 2861 praebendam
1416 2798 1425 2849 3

296 2900 298 2903 ·
369 2881 435 2939 cet
462 2892 603 2934 carceres
629 2872 662 2934 in
685 2871 784 2947 circo,
811 2883 843 2936 et
866 2895 927 2936 ova
950 2872 991 2935 ad
1016 2882 1107 2934 notas
1130 2869 1292 2933 curriculis
1315 2890 1425 2933 nume-

402 2961 541 3048 ran[dis]
559 2978 578 3016 r
597 2964 680 3039 dam,
699 2976 731 3028 et
747 2976 848 3029 metas
864 2975 950 3029 trans
967 2980 987 3017 t
1005 2976 1035 3029 et
1049 2987 1163 3029 caveas
1177 2964 1280 3028 ferrea
1293 2976 1312 3014 ὓ
1328 2962 1427 3025 intro-

370 3056 632 3142 7mitterentu[r]
655 3072 674 3109 a
696 3058 782 3123 feriis
810 3060 845 3123 in
872 3069 978 3124 monte
1004 3060 1133 3123 Albano
1166 3057 1363 3133 consulibus,
1395 3066 1427 3120 et

403 3150 517 3214 clivom
528 3149 746 3236 Capitolinum
763 3154 850 3219 silice
868 3154 1073 3218 sternendum
1087 3163 1286 3226 curaverunt,
1305 3161 1337 3216 et
1354 3172 1427 3237 por·

403 3243 501 3308 ticum
522 3244 564 3309 ab
586 3246 664 3311 aede
688 3245 818 3312 Saturni
838 3246 873 3313 in
897 3245 1091 3332 Capitolium
1114 3248 1155 3311 ad
1182 3245 1367 3311 senaculum
1389 3264 1427 3307 ac

368 3359 384 3407 8
403 3359 499 3424 super
516 3339 549 3403 id
567 3340 696 3405 curiam.
724 3352 756 3407 et
774 3353 864 3407 extra
880 3354 1005 3427 portam
1014 3340 1232 3427 Trigeminam
1250 3337 1427 3424 emporium

402 3433 508 3518 lapide
530 3444 710 3499 straverunt
737 3435 960 3521 stipitibusque
986 3447 1185 3521 saepserunt,
1214 3445 1246 3499 et
1268 3431 1427 3518 porticum

402 3528 574 3593 Aemiliam
599 3529 801 3596 reficiendam
825 3540 990 3609 curarunt,
1017 3530 1234 3617 gradibusque
1260 3548 1428 3593 ascensum

369 3641 383 3687 9
403 3622 444 3685 ab
462 3623 571 3688 Tiberi
592 3624 626 3688 in
648 3624 825 3710 emporium
849 3624 1001 3691 iecerunt.
1047 3635 1079 3692 et
1096 3635 1185 3690 extra
1204 3622 1337 3688 eandem
1354 3642 1428 3706 por·

402 3726 468 3779 tam
485 3716 518 3780 in
535 3717 734 3781 Aventinum
750 3718 909 3803 porticum
927 3719 1013 3785 silice
1032 3729 1212 3783 straverunt
1228 3721 1245 3798 †
1263 3726 1294 3781 et
1311 3736 1349 3779 eo
1368 3735 1428 3798 pu-

354 3823 385 3871 10
403 3808 485 3872 blico
504 3810 545 3873 ab
563 3812 641 3875 aede
655 3811 790 3877 Veneris
809 3812 963 3878 fecerunt.
989 3813 1075 3877 idem
1086 3811 1230 3875 Calatiae
1249 3821 1281 3875 et
1293 3806 1428 3871 Auximi

402 3920 509 3965 muros
527 3903 689 3968 faciendos
706 3905 891 3970 locaverunt
897 3932 906 3984 ;
925 3906 1124 3987 venditisque
1137 3904 1183 3966 ibi
1200 3903 1336 3988 publicis
1350 3899 1428 3965 locis

403 3995 584 4076 pecuniam,
611 4020 694 4081 quae
717 4000 845 4064 redacta
863 4012 944 4077 erat,
972 3997 1110 4062 tabernis
1133 3997 1258 4079 utrique
1281 3998 1350 4061 foro
1369 3994 1430 4059 cir-

354 4103 384 4150 11
404 4083 590 4151 cumdandis
609 4104 883 4177 consumpserunt.
919 4102 951 4156 et
972 4090 1052 4155 alter
1069 4112 1109 4153 ex
1126 4090 1164 4153 iis
1182 4090 1316 4156 Fulvius
1335 4089 1430 4154 Flac·

404 4199 595 4244 cus—nam
602 4182 788 4251 Postumius
807 4185 886 4250 nihil
903 4186 965 4251 nisi
983 4195 1110 4250 senatus
1124 4184 1262 4249 Romani
1276 4183 1429 4270 populive

341 4279 344 4285 “
402 4271 492 4338 iussu
513 4296 547 4341 se
568 4274 747 4342 locaturum
768 4280 913 4364 ipsorum
935 4277 1071 4366 pecunia
1094 4277 1252 4366 [dicebat]
1275 4316 1319 4325 —
1341 4278 1428 4342 Iovis
