3384 4975
345 518 410 587 178
550 528 668 584 LIBER
684 525 836 594 xxm,
855 524 956 579 2829.
975 523 1160 595 {aucam}

345 686 608 759 masau-id
633 685 698 750 diei
722 684 784 748 iter
809 684 1053 768 est-ipsum
1078 682 1209 766 quidem
1232 682 1381 772 benigue

345 786 582 857 alloetatusest3
604 794 746 845 actm
767 790 938 863 postquam
959 777 1383 865 incastraadAmphipo-

345 880 404 944 lim
428 877 531 953 venit,
562 875 704 960 graviter
732 873 929 958 increpuisse
954 873 1090 937 traditur
1113 870 1154 937 C.
1181 872 1381 958 Sulpicium,

293 968 1381 1062 ltprimumquodPerseatamproeulaseragariperproviu-

346 1070 430 1134 eiam
445 1089 559 1154 passus
577 1080 672 1141 esset,
689 1064 805 1128 deinde
818 1064 906 1147 quod
919 1063 1000 1127 adeo
1012 1063 1196 1150 indulsisset
1207 1064 1379 1144 militibus,

345 1174 382 1227 ut
406 1161 528 1225 nudare
549 1159 665 1244 tegulis
686 1180 796 1221 muros
818 1156 909 1220 urbis
935 1157 978 1220 ad
1003 1156 1141 1241 tegenda
1167 1156 1379 1226 hibernacula

345 1278 405 1320 sna
430 1268 601 1340 pateretur.
645 1251 821 1333 referrique
845 1250 972 1335 tegulas
995 1264 1027 1314 ct
1052 1251 1140 1315 refici
1165 1262 1266 1327 tecta,
1290 1253 1377 1317 sicut

294 1367 327 1413 11
346 1348 482 1423 fuerant,
499 1346 601 1410 iussit.
645 1362 676 1408 et
692 1344 813 1408 Persea
830 1344 962 1426 quidem
978 1366 1052 1407 cum
1069 1344 1188 1410 maiore
1209 1345 1277 1408 lilio
1292 1344 1376 1411 Pbi·

345 1443 433 1527 lippo
458 1439 589 1504 traditos
615 1439 659 1502 A.
683 1437 851 1503 Postumio
879 1436 914 1501 in
939 1437 1117 1502 custodiam
1141 1439 1243 1515 misit,
1273 1439 1374 1503 filiam

346 1556 421 1600 cum
438 1535 558 1598 minore
576 1533 641 1597 filio
659 1556 679 1596 a
693 1531 902 1598 Samothrace
919 1532 1037 1596 accitos
1046 1532 1269 1618 Amphipolim
1286 1531 1376 1598 omni

345 1628 469 1694 liberali
487 1630 575 1692 cultu
592 1627 714 1690 habuit.

313 1740 327 1786 1
410 1721 598 1786 XXVIIII.
624 1721 716 1804 Ipse,
738 1720 795 1783 ubi
811 1720 880 1783 dies
897 1719 1000 1795 venit,
1022 1741 1086 1803 quo
1104 1720 1217 1786 adesse
1233 1721 1376 1807 Amphi·

345 1816 411 1902 poli
424 1816 523 1880 denos
537 1814 697 1899 principes
711 1813 886 1877 civitatium
898 1812 1043 1890 iusserat,
1060 1814 1246 1897 litterasque
1260 1815 1375 1890 omnis,

345 1933 429 1995 qnae
445 1910 566 1992 ubique
588 1907 750 1994 depositae
768 1919 888 1983 essent,
910 1920 944 1972 et
965 1909 1135 1992 pecuniam
1156 1911 1280 1993 regiam
1297 1931 1375 1973 con·

345 2006 438 2081 feni,
463 2027 538 2070 cum
560 2003 672 2067 decem
693 2002 823 2088 legatis,
850 2002 1043 2068 circumfusa
1060 2004 1147 2066 omni
1167 2003 1374 2067 multitudine

311 2113 328 2158 2
345 2099 573 2174 Macedonum,
589 2096 624 2160 In
641 2097 792 2162 tribunali
809 2097 962 2161 consedit.
1006 2097 1147 2161 adsuetis
1163 2098 1254 2182 regio
1270 2098 1376 2182 impe-

345 2195 392 2258 rio
414 2205 522 2257 tamen
542 2214 662 2255 novum
684 2191 820 2256 formam
842 2191 1016 2255 terribilem
1037 2192 1200 2277 praebuit:
1221 2191 1375 2267 tribunal,

345 2299 505 2352 summoto
527 2287 647 2361 aditus,
664 2307 794 2369 praeco,
812 2307 981 2360 accensus,
998 2286 1125 2349 insueta
1141 2284 1247 2349 omnia
1269 2285 1372 2347 oculis

346 2381 555 2462 auribusque,
574 2401 656 2461 quae
673 2379 725 2442 vel
743 2379 855 2452 socios,
872 2379 993 2442 nedum
1010 2378 1118 2443 hostes
1135 2381 1234 2444 victos
1251 2389 1373 2443 terrere

311 2485 484 2560 apossent.
528 2473 654 2538 silentio
675 2495 732 2557 per
757 2494 948 2556 praeconem
973 2472 1075 2549 facto,
1102 2473 1226 2538 Paulus
1240 2472 1373 2548 Latine,

346 2591 429 2652 quae
447 2567 585 2644 senatui,
608 2589 690 2650 quae
708 2565 769 2629 sibi
791 2589 832 2630 ex
849 2568 973 2631 consilii
990 2570 1147 2632 sententia
1169 2569 1238 2632 risa
1255 2578 1373 2642 essent,

345 2662 572 2747 pronuntiarit.
616 2683 654 2725 ea
678 2658 740 2725 Cn.
763 2658 921 2725 Octavius
943 2681 1071 2746 praetor
1087 2699 1131 2708 —
1146 2686 1222 2725 nam
1245 2673 1278 2726 et
1302 2662 1373 2746 ipse

311 2778 328 2821 4
347 2756 722 2839 aderat—interpretata
739 2777 884 2820 sermone
894 2753 1022 2820 Graeco
1036 2757 1208 2821 referebat:
1228 2756 1372 2820 omnium

346 2850 483 2933 primum
504 2850 620 2913 liberos
643 2872 712 2913 esse
733 2848 844 2914 iubere
866 2849 1079 2927 Macedonas,
1106 2851 1254 2914 habentis
1275 2840 1372 2914 urbes

346 2943 475 3005 easdem
496 2964 669 3026 agrosque,
696 2954 819 3005 utentes
840 2944 967 3026 legibus
984 2945 1066 3021 suis,
1093 2966 1216 3008 annuos
1234 2945 1372 3008 creantis

346 3033 551 3117 magistratus
556 3060 566 3111 ;
588 3036 742 3098 tributum
759 3036 928 3101 dimidium
949 3038 1019 3102 eius
1037 3038 1124 3120 quod
1145 3039 1372 3122 pependissent

309 3127 475 3212 sregibus
506 3129 645 3213 pendere
671 3131 790 3214 populo
811 3130 968 3195 Romano.
1018 3132 1132 3195 deinde
1158 3132 1190 3194 in
1220 3145 1373 3216 quattuor

345 3221 491 3305 regiones
513 3221 612 3285 dividi
629 3222 869 3287 Macedoniam:
890 3248 988 3289 unam
1006 3225 1074 3289 fore
1093 3237 1123 3290 et
1144 3225 1280 3309 primam
1298 3247 1374 3307 par·

345 3327 411 3380 tem
433 3317 520 3399 quod
541 3316 612 3401 agri
633 3317 716 3381 inter
734 3316 939 3403 Strymonem
961 3330 991 3383 et
1008 3320 1148 3383 Nessum
1170 3319 1209 3382 sit
1233 3341 1372 3393 amnem,

312 3429 327 3476 6
346 3432 549 3476 accessurum
569 3411 645 3476 huic
667 3412 750 3498 parti
772 3424 859 3478 trans
881 3413 1035 3489 Nessum,
1062 3415 1104 3477 ad
1125 3414 1275 3477 orientem
1297 3433 1374 3473 ver·

345 3529 432 3583 sum,
450 3528 514 3590 qua
531 3506 670 3572 Perseus
687 3509 842 3573 tenuisset
858 3508 955 3584 vicos,
975 3509 1114 3585 castella,
1132 3508 1259 3592 oppida,
1278 3527 1373 3589 prae·

344 3611 393 3663 ter
418 3601 549 3664 Aenum
580 3613 612 3665 et
638 3602 828 3666 Maroneam
855 3613 887 3666 et
911 3602 1060 3678 Abdera3
1092 3602 1137 3665 cis
1165 3601 1373 3685 Strymonem

344 3704 451 3759 autem
477 3697 642 3779 vergentia
673 3697 715 3759 ad
741 3718 904 3770 occasum,
930 3696 1116 3761 Bisalticam
1142 3718 1270 3759 omnem
1296 3716 1372 3757 cum

310 3804 325 3851 7
344 3788 513 3863 Heraclea,
530 3810 628 3871 quam
638 3787 782 3854 Sinticen
795 3790 966 3874 appellant.
994 3790 1166 3853 secundam
1184 3790 1252 3853 fore
1265 3787 1372 3871 regio·

344 3901 429 3954 nem,
447 3902 543 3965 quam
561 3882 603 3945 ab
620 3893 693 3945 ortu
703 3880 833 3966 Strymo
851 3884 1095 3967 amplecteretur
1112 3884 1225 3957 amnis,
1244 3892 1375 3967 praeter

346 3966 498 4046 Sinticen,
516 3975 707 4039 Heracleam
725 3988 758 4040 et
774 3975 927 4050 Bisaltas,
946 3975 987 4038 ab
1005 3997 1121 4040 occasu
1138 3977 1245 4040 Axius
1264 3973 1375 4040 termi-

343 4074 434 4125 naret
450 4063 576 4144 fluvius‚
594 4070 710 4134 additis
718 4069 913 4143 Paeonibus,
931 4069 987 4151 qui
1003 4091 1103 4156 prope
1112 4072 1236 4134 Axium
1250 4070 1373 4133 flumen

308 4154 386 4221 aad
407 4155 569 4238 regionem
591 4166 719 4230 orientis
743 4166 892 4228 colerent.
935 4164 1027 4228 tertia
1048 4189 1123 4250 pars
1145 4166 1245 4241 facta,
1273 4186 1372 4248 quam

345 4249 450 4317 axius
467 4251 509 4314 ab
526 4254 662 4330 oriente,
678 4258 807 4325 Peneus
829 4256 933 4323 amnis
954 4257 996 4321 ab
1014 4280 1130 4325 occasu
1151 4260 1301 4346 cingunt3
1329 4255 1373 4321 ad
