3384 4975
477 553 593 608 urana
611 551 765 622 xxxxv,
784 551 826 605 ro.
841 551 883 605 11.
901 549 1055 620 [acres]
1216 538 1280 603 159
1372 600 1375 610 ,

257 714 362 781 sociae
378 712 466 776 urbis
489 720 681 796 paterentur.
716 717 885 792 postquam
903 706 1054 772 Rhodum
1071 719 1202 772 ventum
1221 720 1279 786 est,

256 809 291 872 in
317 806 497 871 contionem
523 824 650 885 quoque
678 822 732 865 eos
757 801 843 865 idem
874 801 1022 885 precibus
1048 812 1277 886 pertraxerunt.

257 901 413 964 adventus
435 899 614 980 legatorum
636 893 725 958 auxit
746 894 851 978 potius
875 894 1020 959 timorem
1042 895 1161 959 civitati
1183 917 1313 978 quarnr

257 994 372 1057 minuit
379 1016 388 1066 ;
416 991 522 1054 omnia
544 989 628 1052 enim
649 988 805 1072 Popillius
829 1010 912 1071 quae
935 988 1052 1073 singuli
1078 989 1280 1072 universique

259 1107 297 1149 eo
324 1085 407 1148 bello
434 1082 587 1146 hostiliter
613 1081 757 1145 dixerant
783 1081 986 1163 fecerantque
1013 1082 1146 1158 rettulit,
1175 1091 1206 1145 et
1232 1082 1316 1151 vire

259 1200 354 1261 asper
370 1176 497 1261 ingenio
516 1174 654 1259 augebat
677 1176 874 1238 atrocitatem
893 1197 1015 1252 eorum,
1039 1196 1122 1258 quae
1140 1175 1281 1239 diceren-

258 1281 324 1344 tur,
342 1271 430 1333 voltu
448 1268 530 1331 truci
547 1279 579 1330 et
596 1267 792 1332 accusatoria
809 1290 904 1344 voce,
922 1278 967 1346 ut,
986 1290 1059 1333 cum
1076 1268 1222 1352 propriae
1241 1267 1281 1331 si·
1300 1288 1317 1334 e

258 1361 399 1425 multatis
413 1362 500 1424 nulla
514 1382 610 1424 causa
624 1382 698 1424 cum
712 1361 838 1426 civitate
855 1372 946 1438 esset,
966 1385 1005 1427 ex
1018 1362 1113 1426 unius
1128 1361 1280 1426 senatoris

258 1454 395 1518 Romani
414 1453 600 1530 acerbitate,
623 1454 726 1536 qualis
748 1455 782 1518 in
800 1477 833 1518 se
851 1455 992 1519 universi
1010 1466 1137 1519 senatus
1157 1455 1280 1518 animus
1305 1484 1307 1488 ⁷

260 1558 357 1623 esset,
384 1547 604 1611 coniectarent.
649 1545 688 1610 Ο.
707 1546 835 1610 Decimi
852 1542 1059 1628 mode[ratior
1077 1545 1192 1633 o]rati0
1211 1547 1280 1622 fuit,
1301 1569 1335 1616 ro

259 1640 315 1724 qui
340 1641 374 1703 in
399 1641 557 1724 plerisque
582 1662 705 1716 eorum,
733 1661 815 1722 quae
839 1652 1084 1705 commemorata
1107 1665 1127 1705 a
1143 1640 1280 1725 Popillio

260 1745 374 1811 essent,
393 1737 519 1817 culpam
533 1755 597 1797 non
612 1756 709 1817 penes
723 1735 887 1818 populum,
899 1739 954 1801 sed
962 1757 1059 1819 penes
1073 1756 1192 1819 paucos
1207 1755 1282 1798 con-

260 1829 374 1893 citores
392 1829 479 1913 volgi
502 1851 570 1893 esse
589 1829 681 1891 dixit:
711 1850 780 1904 eos,
803 1830 948 1893 venalem
965 1830 1107 1915 linguam
1124 1829 1279 1904 habentis,
1301 1851 1332 1896 11

260 1922 387 1984 decreta
404 1923 499 2004 plena
515 1921 623 2004 regiae
641 1922 867 1986 adsentationis
886 1924 1009 1999 fecisse,
1029 1934 1060 1986 et
1078 1946 1132 1987 eas
1149 1924 1282 2007 legatio-

259 2038 317 2079 nes
334 2013 468 2090 misisse,
488 2035 624 2096 quarum
641 2015 783 2078 Rhodios
802 2038 927 2100 semper
944 2038 1008 2079 non
1026 2017 1130 2079 minus
1148 2017 1282 2099 puderet

260 2130 357 2191 quarn
375 2106 559 2191 paeniteret.
603 2127 684 2190 quae
703 2109 822 2182 omnia,
846 2108 872 2171 si
895 2131 933 2173 ea
950 2131 1038 2173 mens
1057 2109 1174 2191 populo
1192 2109 1281 2182 soret,

260 2203 295 2265 in
310 2201 414 2285 capita
431 2199 597 2263 noxiorum
613 2222 751 2264 versura.
779 2223 853 2265 curn
870 2223 986 2286 magno
1001 2201 1137 2264 adsensu
1156 2200 1281 2263 auditus
1302 2220 1334 2267 12

262 2307 319 2370 est,
336 2317 401 2358 non
418 2294 521 2378 magis
535 2315 572 2357 eo
587 2294 674 2375 quod
690 2294 926 2359 multitudinem
940 2317 1025 2358 noxa
1036 2293 1170 2358 'levabat
1187 2315 1283 2375 quam

262 2389 349 2470 quod
367 2388 493 2471 culpam
511 2388 543 2450 in
562 2399 705 2453 auctores
723 2399 870 2453 verterat.
907 2391 1015 2471 itaque
1034 2411 1106 2453 cum
1124 2387 1281 2472 principes
1301 2407 1336 2452 13

262 2504 372 2547 eorum
381 2481 533 2544 Romanis
550 2481 786 2566 responderent,
806 2506 1010 2567 nequaquam
1027 2494 1093 2546 tam
1110 2493 1201 2567 grata
1214 2503 1283 2544 ora·

261 2578 306 2640 tio
317 2597 426 2639 eorum
440 2574 510 2648 fuit,
523 2576 578 2656 qui
591 2576 837 2664 quael’opillius
852 2578 1011 2640 obiecerat
1026 2578 1146 2640 diluere
1159 2586 1283 2638 utcum-

262 2692 325 2752 que
343 2668 448 2731 conati
466 2680 548 2743 sunt,
567 2688 663 2751 quam
681 2689 799 2745 eorum,
819 2671 874 2751 qui
888 2670 1034 2733 Decimio
1052 2669 1085 2732 in
1104 2666 1284 2731 auctoribus

263 2763 304 2824 ad
331 2762 492 2844 piaculum
515 2782 618 2825 noxae
641 2761 813 2826 obiciendis
841 2762 967 2826 adsensi
994 2772 1077 2825 sunt.
1123 2761 1284 2825 decretum
1303 2779 1337 2826 14

262 2857 360 2941 igitur
385 2857 560 2941 extemplo,
587 2868 623 2919 ut
645 2857 700 2939 qui
725 2880 783 2942 pro
806 2859 925 2923 Perseo
949 2859 1100 2923 adversus
1122 2858 1284 2922 Romanos

264 2950 380 3013 dixisse
398 2950 474 3032 quid
493 2960 548 3013 aut
571 2950 684 3015 fecisse
708 2952 983 3029 convincerentur,
1008 2951 1118 3036 capitis
1137 2952 1285 3016 condem-

264 3055 422 3106 narentur.
450 3055 651 3108 excesserunt
669 3044 747 3109 urbe
761 3046 821 3109 sub
836 3046 974 3111 adventu
984 3046 1201 3109 Romanorum
1215 3045 1285 3127 qui·

265 3137 348 3212 darn,
364 3136 416 3199 alii
430 3149 564 3201 mortem
579 3138 639 3201 sibi
653 3139 882 3204 consciverunt.
910 3140 1006 3225 legati
1020 3162 1085 3204 non
1094 3141 1284 3219 ultraquam
1305 3152 1336 3200 15

264 3229 405 3312 quinque
427 3231 493 3295 dies
516 3231 622 3295 Rhodi
645 3233 757 3295 morati
774 3234 1011 3299 Alexandream
1035 3234 1283 3317 proficiscuntur.

245 3345 379 3387 necao
398 3325 526 3408 segnius
543 3325 661 3389 iudicia
679 3348 719 3389 ex
738 3327 863 3391 decreto
883 3349 989 3391 coram
1007 3326 1055 3388 his
1073 3326 1157 3389 facto
1168 3324 1285 3388 Rhodii

266 3418 469 3493 exercebant3
488 3439 585 3500 quam
602 3421 870 3501 perseverantiam
887 3421 921 3482 in
939 3419 1124 3499 exequenda
1141 3440 1175 3480 re
1191 3416 1283 3499 [non]

267 3523 333 3571 tam
350 3510 490 3572 Decimii
506 3511 618 3573 lenitas
636 3531 733 3591 quarn
752 3509 870 3593 [metus
889 3535 907 3574 a
925 3511 1077 3574 Romanis
1094 3509 1251 3572 effecerat.

332 3600 396 3662 ΧΙ.
425 3600 524 3685 Cum]
534 3601 613 3664 haec
622 3614 816 3684 gererentur,
827 3602 1006 3666 Antiochus
1020 3601 1137 3664 frustra
1152 3610 1286 3684 tempta·
1306 3618 1321 3664 1

268 3695 309 3759 tis
327 3693 492 3756 moenibus
505 3694 710 3758 Alexandrea
727 3695 936 3770 abscesserat,
955 3705 1120 3776 ceteraque
1134 3695 1286 3778 Aegypto

267 3789 401 3874 potitus,
428 3787 701 3870 relictoMemphi
717 3788 835 3854 maiore
852 3788 1052 3864 Ptolemaeo,
1079 3787 1131 3851 cui
1152 3808 1287 3871 regnum

269 3884 381 3967 quaeri
398 3882 462 3946 suis
481 3882 601 3946 viribus
619 3882 802 3961 simulabat,
820 3895 856 3948 ut
873 3884 1024 3949 victorem
1041 3904 1116 3945 mox
1134 3882 1287 3966 adgrede-

268 3992 366 4051 retur,
384 3976 417 4038 in
427 3974 554 4062 Syriam
568 3976 741 4040 exercitum
759 3978 901 4042 abduxit.
928 3999 987 4041 nec
1004 3975 1098 4039 huius
1116 3973 1287 4038 voluntatis
1306 3993 1324 4040 a

270 4072 338 4136 eius
351 4071 481 4156 ignarus
489 4072 703 4149 Ptolemaeus,
713 4074 789 4137 dum
803 4072 1006 4137 conterritum
1021 4069 1192 4134 obsidionis
1200 4079 1287 4133 metu

270 4167 425 4231 minorem
442 4168 572 4234 fratrem
589 4168 729 4244 haberet,
747 4190 840 4253 posse
858 4191 892 4232 se
909 4166 1008 4250 recipi
1016 4164 1238 4229 Alexandreae
1256 4173 1289 4227 et

270 4282 378 4329 sorore
388 4264 558 4331 adiuvante
568 4275 600 4330 et
611 4286 675 4328 non
683 4263 933 4349 repugnantibus
949 4259 1054 4325 fratris
1068 4257 1176 4324 amicis
1190 4268 1289 4333 ratus,
