3384 4975
398 521 425 606 ιι
634 518 752 577 amau
768 513 912 586 mon,
932 516 957 569 1.
971 515 997 568 ι
1017 475 1092 582 [ιι.
1103 530 1126 568 0.
1137 513 1199 581 ιιι]

403 680 533 746 navales
552 687 651 742 erant.
696 697 751 758 qur
741 672 954 738 ⁸tuendoe
924 671 1038 755 viginti
1014 669 1190 745 suavibus
1209 669 1306 733 maris
1324 669 1438 755 superi

405 795 479 838 orae
497 773 666 835 Anconam
683 770 771 832 velut
788 767 950 832 cardinem
967 762 1136 847 habereiit:
1155 763 1229 827 inde
1247 764 1287 826 L
1310 761 1437 830 Corne-

404 860 466 932 lius
492 866 604 929 dextra
625 864 719 928 litora
741 860 906 956 usquead
918 845 1127 933 ,Tarentum
1142 855 1180 921 C.
1198 857 1317 921 Furius
1339 859 1438 924 laeva

372 980 389 1026 4
407 983 508 1044 usque
531 959 572 1022 ad
589 956 789 1050 Aquileiam
792 938 897 1039 tu'eiztt
896 941 955 1046 bit.
969 946 1047 1016 eae
1070 974 1168 1015 naves
1187 951 1227 1014 ad
1249 953 1436 1036 proximum

406 1065 533 1140 portum
559 1053 594 1123 in
609 1032 771 1144 Histriatek
753 1043 891 1122 fines
877 1069 951 1110 cum
974 1045 1124 1110 onerariis
1149 1055 1180 1110 et
1206 1067 1323 1130 magno
1346 1068 1438 1111 com·

407 1171 477 1212 mea
477 1134 655 1242 tamisiae,
666 1125 762 1210 ‘sebdt
753 1136 876 1251 ..iisque
880 1163 952 1204 cum
970 1138 1148 1224 legionibus
1163 1140 1272 1203 consul
1291 1141 1441 1224 quinque

372 1225 518 1332 §feriare
509 1224 622 1310 anilia
641 1261 661 1301 a
682 1237 763 1300 mari
786 1235 892 1320 posuit
919 1245 1031 1298 castra.
1076 1233 1109 1295 in
1135 1244 1228 1317 portu
1255 1233 1437 1318 emporium

240 1401 250 1420 .
277 1335 381 1422 ··.⁸⁸·.l
372 1316 508 1418 {brevi
515 1312 724 1416 perfrequens
742 1328 807 1393 fact
795 1338 863 1392 um
869 1376 878 1405 ,
903 1327 1071 1410 omniaque
1088 1325 1194 1391 hinc
1185 1351 1218 1390 ιιι
1236 1338 1339 1391 castra
1356 1329 1437 1392 sub-

372 1424 574 1510 ‘portabant
573 1446 624 1486 ur.
669 1433 700 1486 et
722 1444 784 1505 quo
807 1422 872 1485 idt
859 1421 957 1485 tutius
975 1422 1118 1496 fieret,s
1121 1421 1254 1485 ationes
1273 1421 1313 1485 ab
1331 1423 1437 1485 omni-

281 1513 290 1531 ⁸
374 1539 389 1586 s
407 1519 468 1582 bus
483 1529 658 1583 castrorum
675 1526 747 1600 part
735 1514 819 1579 tibus
834 1514 1048 1578 circumdatae
1066 1524 1140 1577 sunt
1145 1539 1153 1590 ;
1171 1513 1437 1599 inHistriamque
1498 1533 1504 1537 ·

407 1634 536 1677 versum
552 1610 746 1695 praesidium
764 1609 916 1672 stativum
933 1607 1099 1693 repentina
1117 1608 1228 1672 cohors
1246 1607 1438 1674 Placentina

408 1706 554 1791 obposita
570 1706 652 1769 inter
669 1727 756 1768 mare
774 1714 806 1768 et
823 1713 927 1767 castra
945 1713 990 1778 et,
1012 1713 1049 1766 ut
1070 1703 1146 1766 item
1170 1702 1374 1785 aquatoribus
1393 1705 1437 1768 ad

408 1800 542 1863 fluvium
561 1809 644 1863 esset
660 1797 869 1882 praesidium,
887 1797 936 1860 M.
956 1796 1116 1861 Aebutius
1134 1795 1280 1860 tribunus
1297 1796 1437 1862 militum

410 1893 569 1958 secundae
586 1893 719 1978 legionis
738 1892 818 1956 duos
840 1891 1018 1975 manipulos
1042 1891 1177 1954 militum
1195 1890 1352 1956 adducere
1369 1890 1439 1956 ius·

377 2007 390 2052 ι
410 2010 464 2051 sus
483 1997 544 2063 est3
563 1981 602 2050 Τ.
622 1997 653 2051 et
671 1984 709 2050 O.
725 1985 811 2050 Aelii
830 1986 950 2049 tribuni
967 1985 1103 2048 rnilitum
1123 1983 1281 2069 legionem
1299 1985 1438 2061 tertiam,

409 2104 491 2165 quae
508 2081 710 2166 pabulatores
729 2091 761 2144 et
781 2080 954 2165 lignatores
976 2090 1132 2154 tueretur,
1155 2078 1208 2143 via
1230 2101 1312 2162 quae
1329 2078 1438 2162 Aqui-

375 2194 390 2242 8
408 2175 504 2240 leiam
521 2175 582 2239 fert
601 2175 766 2239 duxerant
803 2175 844 2238 ab
863 2175 975 2239 eadem
992 2174 1125 2259 regione'
1139 2173 1225 2237 mille
1243 2173 1344 2238 ferme
1361 2195 1438 2258 pas·

409 2293 502 2334 suum
525 2280 592 2334 cast
593 2293 629 2332 ra
652 2280 742 2334 erant
729 2253 943 2346 tGalloru1n3
967 2267 1131 2333 Catmelus
1153 2288 1211 2351 pro
1233 2269 1344 2354 regulo
1366 2279 1438 2333 erat

408 2363 509 2426 tribus
527 2363 605 2426 haut
623 2363 758 2471 amplius
777 2363 904 2425 milibus
924 2373 1126 2426 armatorum

376 2474 390 2520 1
472 2456 518 2521 H.
545 2456 646 2520 Hist⁸
608 2466 662 2534 tn,
686 2466 721 2520 ut
742 2457 880 2541 primurn
905 2457 946 2521 ad
968 2457 1074 2521 lacum
1091 2455 1218 2521 Timavi
1241 2478 1293 2521 cas
1295 2465 1344 2521 tra
1361 2466 1437 2538 sunt

409 2552 555 2616 Romana
572 2561 668 2627 mota,
686 2551 747 2635 ipsi
765 2562 837 2635 post
856 2552 968 2615 collem
987 2552 1109 2615 occulto
1128 2551 1198 2615 loco
1213 2551 1436 2629 consederunt,

376 2661 391 2709 ι
409 2658 441 2710 et
458 2645 532 2710 inde
550 2645 687 2728 obliquis
705 2645 871 2710 itineribus
890 2669 1006 2731 agmen
1024 2645 1239 2727 sequebantur
1256 2645 1289 2708 in
1308 2666 1436 2710 omnem

410 2741 608 2805 occasionem
631 2740 758 2816 intenti,
781 2762 841 2805 nec
864 2741 1035 2824 quicquam
1058 2761 1111 2803 eos
1134 2760 1216 2821 quae
1234 2749 1318 2803 terra
1339 2740 1438 2803 mari-

376 2848 391 2894 3
410 2855 473 2916 que
491 2847 661 2917 agerentur
678 2834 818 2898 fallebat.
845 2845 1014 2918 postquam
1029 2832 1178 2897 stationes
1196 2832 1350 2896 invalidas
1365 2854 1437 2899 esse

410 2948 467 3010 pro
486 2927 611 3001 castris,
634 2925 739 2989 forum
761 2928 856 2990 turba
876 2927 989 2991 inermi
1012 2927 1162 3009 frequens
1184 2927 1265 2991 inter
1282 2936 1386 2991 castra
1404 2938 1438 2992 et

410 3042 498 3083 mare
520 3020 730 3083 mercantium
749 3020 815 3085 sine
833 3020 899 3084 ullo
922 3021 1061 3085 terrestri
1079 3031 1133 3084 aut
1155 3021 1312 3085 maritimo
1331 3021 1437 3085 muni-

410 3122 517 3177 mento
531 3112 688 3189 viderunt,
707 3112 769 3176 duo
784 3114 878 3177 simul
892 3115 1059 3198 praesidia,
1077 3113 1284 3179 Placentinae
1299 3114 1437 3179 cohortis

376 3220 394 3267 4
412 3216 443 3271 et
461 3206 695 3291 manipulorum
713 3207 870 3272 secundae
889 3209 1034 3293 legionis,
1053 3209 1292 3294 adgrediuntur.
1318 3208 1437 3273 nebula

411 3300 566 3363 matutina
583 3310 704 3364 texerat
721 3302 899 3386 inceptum3
918 3324 982 3385 qua
1000 3303 1160 3367 dilabente
1178 3302 1219 3366 ad
1236 3302 1374 3385 primum
1388 3312 1439 3366 tc·

410 3415 519 3478 porem
534 3393 607 3457 solis
621 3394 788 3477 perlucens
801 3395 866 3459 iam
880 3395 1009 3478 aliquid,
1026 3396 1146 3462 incerta
1160 3407 1276 3470 tamen,
1294 3404 1330 3457 ut
1345 3395 1437 3473 solet,

409 3488 466 3552 lux
489 3486 628 3573 speciem
650 3489 793 3552 omnium
814 3488 1022 3573 multiplicem
1044 3490 1180 3556 intuenti
1197 3488 1347 3563 reddens,
1366 3498 1437 3551 turn

411 3604 538 3666 quoque
555 3580 707 3647 frustrata
720 3582 892 3660 Romanos,
911 3585 1010 3649 multo
1027 3586 1181 3650 maiorem
1197 3583 1235 3648 iis
1254 3604 1350 3668 quam
1368 3593 1438 3646 erat

377 3677 552 3740 shostium
575 3677 676 3742 aciem
699 3677 846 3741 ostendit.
891 3700 956 3761 qua
979 3680 1078 3745 territi
1100 3680 1267 3764 utriusque
1293 3676 1438 3743 stationis

410 3770 526 3833 milites
544 3770 666 3855 ingenti
641 3772 799 3835 tttumul
787 3782 821 3835 tu
840 3794 914 3837 curn
931 3773 964 3837 in
982 3784 1049 3838 cast
1049 3798 1085 3839 ra
1103 3775 1331 3860 confugissent,
1350 3771 1438 3833 haud

411 3862 506 3942 paulo
524 3862 569 3926 ibi
591 3864 664 3947 plus
682 3885 780 3947 quam
797 3866 884 3947 quod
903 3889 1010 3931 secum
1028 3868 1087 3951 ipsr
1079 3868 1288 3933 adtulerant
1309 3864 1438 3928 terroris

378 3960 395 4013 6
412 3951 564 4018 fecerun
600 3980 676 4021 nam
693 3980 797 4041 neque
811 3959 927 4037 dicere,
945 3960 1022 4043 quid
1040 3961 1207 4045 fugissent,
1225 3977 1285 4019 nec
1303 3975 1439 4037 percun-

414 4054 499 4105 ctant
487 4044 571 4109 itbus
585 4048 720 4115 reddere
729 4074 916 4160 responsum
929 4063 985 4137 pot
986 4063 1088 4130 erant3
1107 4063 1139 4116 et
1147 4047 1290 4116 elamor
1280 4072 1314 4112 ιιι
1327 4060 1398 4133 port
1399 4050 1437 4126 is,

413 4147 449 4199 ut
466 4135 522 4198 ubi
538 4140 627 4204 nulla
644 4156 728 4208 esset
741 4146 844 4223 statio,
863 4168 945 4230 quae
960 4148 1128 4212 sustineret
1144 4143 1309 4227 impetum,
1329 4142 1440 4207 audie·

414 4228 578 4305 batur3et
546 4241 766 4303 tconcursat
767 4239 798 4304 io
820 4241 855 4305 in
871 4240 1007 4307 obscuro
1028 4239 1235 4306 incidentium
1253 4236 1413 4304 aliorum⁸
1405 4260 1439 4300 ιιι
