3384 4975
424 497 465 562 66
629 510 747 564 LIBER
764 508 923 577 XXXXII,
942 509 985 562 46.
998 508 1040 561 47.
1062 508 1242 576 [a.u‚o.583]

423 668 457 732 in
479 666 705 733 Macedoniam
726 666 899 750 recepisset
922 685 1007 740 sese,
1032 665 1154 750 legatos
1177 665 1314 730 Romam
1339 667 1380 735 de
1404 669 1453 733 in-

425 761 544 826 cohatis
563 782 637 825 curn
649 759 775 823 Marcio
794 758 1034 824 condicionibus
1052 759 1139 843 pacis
1157 759 1252 835 misit,
1271 770 1304 824 et
1320 760 1453 845 Byzan·

391 875 405 923 2
424 855 504 919 tium
522 865 553 920 et
573 852 596 938 [.
607 901 615 918 .
626 901 634 917 .
646 855 670 935 .]
688 853 841 918 Rhodum
857 853 978 916 litteras
996 853 1108 938 legatis
1126 853 1274 919 ferendas
1293 854 1393 921 dedit
1420 857 1452 920 in

423 948 536 1012 litteris
558 949 672 1012 eadem
697 946 855 1012 sententia
882 946 923 1010 ad
946 947 1048 1011 omnis
1075 958 1157 1024 erat,
1184 949 1391 1014 conlocutum
1418 973 1452 1016 se

424 1064 498 1106 cum
507 1041 728 1105 Romanorum
744 1041 874 1126 legatis:
894 1060 977 1125 quae
996 1041 1136 1106 audisset
1153 1063 1300 1125 quaeque
1318 1043 1452 1109 dixisset

422 1137 468 1200 ita
490 1137 658 1221 disposita,
683 1146 720 1200 ut
746 1135 891 1222 superior
912 1136 1011 1200 fuisse
1037 1137 1070 1200 in
1094 1132 1322 1220 disceptatione
1349 1138 1452 1203 videri

389 1249 404 1296 3
422 1241 539 1315 posset.
568 1242 646 1315 aput
663 1229 807 1295 Rhodios
824 1230 924 1316 legati
942 1229 1142 1306 addiderunt,
1162 1229 1319 1295 confidere
1336 1251 1451 1316 pacem

422 1324 579 1401 futuram,
607 1323 789 1388 auctoribus
816 1324 901 1388 enim
929 1323 1054 1388 Marcio
1087 1335 1182 1407 atque
1208 1324 1310 1387 Atilio
1335 1324 1452 1391 missos

422 1418 560 1483 Romam
577 1418 714 1503 legatos:
734 1418 761 1482 si
778 1428 949 1502 pergerent
966 1417 1104 1482 Romani
1122 1429 1231 1482 contra
1248 1417 1363 1483 foedus
1381 1440 1452 1484 mo-

423 1535 497 1577 vere
516 1512 646 1589 bellum,
666 1524 735 1576 tum
753 1512 840 1576 omni
856 1511 975 1596 gratia,
994 1511 1081 1575 omni
1099 1534 1159 1596 ope
1177 1511 1362 1577 enitendum
1379 1511 1452 1577 fore

340 1605 342 1608 ⁴
389 1625 405 1690 4
422 1605 560 1682 Rhodis,
583 1616 620 1670 ut
636 1607 841 1670 reconcilient
857 1628 984 1690 paoem3
1008 1606 1036 1668 si
1056 1605 1135 1671 nihil
1158 1604 1359 1689 deprecando
1376 1628 1452 1691 pro·

422 1700 545 1775 ficiant,
572 1699 605 1763 id
623 1700 797 1785 agendum,
824 1720 865 1763 ne
890 1699 1032 1763 omnium
1054 1722 1161 1762 rerum
1182 1699 1232 1762 ius
1250 1721 1288 1762 ac
1308 1709 1451 1783 potestas

424 1793 464 1854 ad
486 1814 586 1856 unum
607 1794 762 1877 populum
783 1792 958 1877 perveniat.
1002 1804 1276 1861 oumoeterorum
1295 1786 1329 1855 id
1352 1793 1452 1858 inter-

423 1907 502 1962 esse,
520 1897 589 1949 tum
606 1888 775 1972 praecipue
785 1885 994 1963 Rhodiorum,
1013 1907 1076 1969 quo
1094 1887 1165 1971 plus
1180 1887 1262 1950 iuter
1276 1885 1355 1950 alias
1373 1887 1451 1951 civi-

423 1990 503 2044 tates
522 1981 677 2066 dignitate
699 1993 794 2064 atque
812 1980 927 2065 opibus
945 1983 1115 2056 excellant3
1139 2002 1221 2063 quae
1243 2002 1335 2044 serva
1352 1990 1451 2064 atque

423 2073 562 2138 obnoxia
587 2073 670 2152 fore,
698 2075 725 2139 si
746 2075 854 2139 nullus
876 2074 938 2139 alio
962 2076 1003 2140 sit
1026 2096 1123 2157 quam
1150 2073 1192 2137 ad
1213 2073 1375 2138 Romanos
1400 2097 1451 2140 re·

389 2180 560 2252 aspectus.
604 2169 707 2254 magis
731 2180 762 2234 et
783 2169 907 2234 litterae
930 2179 961 2235 et
984 2169 1082 2233 verba
1107 2169 1286 2253 legatorum
1309 2166 1450 2252 benigne

423 2273 497 2327 sunt
519 2262 627 2326 audita
650 2284 747 2346 quarn
769 2273 966 2328 momentum
989 2262 1030 2326 ad
1056 2262 1224 2326 mutandos
1248 2262 1370 2326 animos
1392 2261 1452 2326 ha-

422 2356 575 2432 buerunt;
593 2357 749 2440 potentior
763 2380 831 2421 esse
845 2355 944 2440 partis
958 2356 1096 2421 melioris
1112 2356 1283 2420 auctoritas
1292 2365 1450 2439 coeperat
1469 2404 1472 2408 .

390 2467 404 2516 6
422 2470 609 2533 responsum
628 2472 668 2514 ex
686 2450 813 2514 decreto
832 2460 890 2524 est,
910 2459 1020 2534 optare
1038 2471 1152 2535 pacem
1160 2449 1318 2527 Rhodios3
1337 2447 1364 2513 si
1381 2448 1451 2513 bel·

422 2544 490 2607 lum
512 2553 608 2619 esset,
632 2568 672 2610 ne
691 2544 773 2633 ‘quid
795 2544 836 2607 ab
855 2543 988 2607 Rhodiis
1007 2554 1148 2628 speraret
1165 2554 1221 2607 aut
1243 2553 1364 2627 peteret
1380 2566 1451 2620 rex,

423 2639 510 2721 quod
527 2648 667 2704 veterem
690 2638 877 2714 amicitiam,
899 2638 1007 2702 multis
1026 2638 1213 2722 magnisque
1231 2636 1352 2701 meritis
1369 2659 1451 2721 pace

281 2728 283 2730 ’
390 2733 571 2816 tbelloque
588 2745 728 2818 partam,
748 2732 928 2818 diiungeret
946 2734 1007 2797 sibi
1025 2754 1062 2797 ac
1079 2732 1243 2796 Romanis.
1274 2731 1315 2796 ab
1333 2732 1452 2797 Rhodo

422 2828 591 2891 redeuntes
609 2827 762 2891 Boeotiae
780 2849 909 2909 quoque
928 2827 1082 2903 civitates,
1101 2837 1132 2890 et
1150 2826 1278 2890 Thebas
1298 2834 1329 2889 et
1349 2823 1453 2891 Coro-

423 2942 517 2984 neam
535 2928 566 2982 et
583 2920 780 2995 Haliartum,
808 2921 968 2996 adierunt,
995 2920 1111 3002 quibus
1133 2941 1320 3003 expressum
1342 2920 1453 2984 invitis

424 3011 677 3088 existimabatur,
700 3023 736 3075 ut
758 3014 868 3077 relicta
890 3014 979 3097 regia
998 3013 1146 3078 societate
1164 3013 1319 3077 Romanis
1337 3014 1453 3077 adiun-

390 3124 405 3171 8
423 3117 582 3189 gerentur.
627 3106 774 3170 Thebani
790 3108 869 3171 nihil
886 3108 964 3171 moti
983 3119 1070 3184 sunt,
1094 3129 1290 3191 quamquam
1306 3107 1453 3171 nonnihil

424 3209 456 3263 et
477 3199 633 3263 damnatis
658 3200 854 3285 principibus
877 3213 909 3266 et
933 3202 1085 3267 restitutis
1108 3201 1255 3266 exulibus
1284 3223 1453 3265 succense-

208 3369 216 3377 ·
272 3296 274 3299 ’
391 3293 502 3358 abant
527 3293 691 3357 Romanis.
745 3292 904 3360 Coronaei
936 3307 967 3361 et
992 3296 1143 3361 Haliartii
1172 3296 1282 3360 favore
1309 3295 1452 3377 quodam

424 3386 517 3451 insito
535 3386 569 3450 in
592 3410 684 3472 reges
706 3387 830 3473 legatos
854 3388 888 3453 in
905 3390 1131 3454 Macedoniam
1154 3389 1306 3454 miserunt
1329 3389 1452 3472 praesi-

424 3480 513 3545 dium
539 3492 700 3565 petentes,
725 3503 789 3564 quo
817 3506 852 3547 se
875 3482 1027 3550 adversus
1049 3484 1245 3568 inpotentem
1267 3481 1452 3566 superbiam

375 3595 405 3642 10
423 3574 650 3642 Thebanorum
673 3577 754 3639 tueri
775 3576 907 3661 possint.
952 3576 1006 3643 cui
1025 3577 1177 3663 legationi
1198 3597 1386 3660 responsum
1409 3576 1451 3639 ab

422 3694 499 3756 rege
522 3682 585 3748 est,
611 3670 805 3756 praesidium
827 3695 861 3736 se
883 3684 1013 3758 propter
1040 3672 1178 3736 indutias
1201 3692 1275 3735 cum
1297 3670 1453 3733 Romanis

423 3764 524 3829 factas
542 3765 666 3830 mittere
683 3788 749 3829 non
770 3788 879 3850 posse:
906 3776 1014 3831 tamen
1030 3766 1076 3830 ita
1094 3764 1243 3841 suadere,
1263 3764 1304 3828 ab
1322 3762 1453 3830 Theba-

423 3879 536 3921 norum
549 3856 680 3933 iniuriis,
698 3879 763 3940 qua
775 3870 914 3942 possent,
928 3870 964 3924 ut
978 3882 1012 3923 se
1022 3858 1228 3935 vindicarent,
1246 3880 1287 3923 ne
1297 3857 1454 3921 Romanis

423 3952 611 4031 praeberent
628 3974 758 4016 causam
775 3952 809 4016 in
827 3976 861 4018 se
879 3952 1050 4018 saeviendi.

393 4057 405 4102 1
488 4043 712 4111 XXXXVII.
739 4046 884 4113 Marcius
907 4056 939 4110 et
956 4044 1075 4108 Atilius
1094 4046 1231 4114 Romam
1255 4068 1329 4111 cum
1346 4045 1454 4110 venis-

424 4146 505 4209 sent,
522 4136 714 4219 legationem
730 4138 764 4202 in
774 4137 934 4223 Capitolio
952 4139 996 4201 ita
1014 4140 1243 4214 renuntiarunt,
1262 4153 1297 4204 ut
1315 4140 1403 4204 nulla
1417 4161 1453 4203 re

428 4224 531 4308 magis
553 4227 764 4309 gloriarentur
787 4254 885 4314 quam
907 4231 1040 4315 decepto
1063 4254 1119 4315 per
1140 4233 1281 4299 indutias
1303 4243 1335 4299 et
1361 4253 1451 4317 spem
