3384 4975
421 524 642 582 PERIOCHAE
660 522 864 583 LIBRORUM
880 522 1200 610 LXXXXVIH-CIL
1257 513 1321 578 215

296 665 371 721 Iovis
380 664 409 719 in
418 663 569 735 Capitolio,
585 664 659 734 quod
673 662 803 716 incendio
818 668 1012 732 consumptum
1026 679 1058 717 ac
1071 663 1208 718 refectum
1218 669 1291 733 erat,
1305 682 1323 719 a

297 735 323 799 Q
348 734 448 790 Catulo
462 734 623 788 dedicatum
636 737 687 786 est.
714 730 747 786 L.
758 731 893 785 Lucullus
907 732 936 784 in
949 731 1083 786 Ameria
1096 732 1279 787 Mithridaten
1294 740 1323 788 et

296 803 332 856 Ti
370 819 443 857 auen
456 807 486 857 et
499 801 627 872 ingentes
640 799 785 868 utriusque
794 799 869 870 regis
878 799 974 868 copias
982 799 1109 868 pluribus
1117 801 1230 869 proeliis
1240 801 1321 856 fudit.

296 871 331 935 Q.
373 870 472 925 etellns
500 869 631 924 roconsul
639 866 1189 923 belloadversusCretensesmandato0
1211 869 1323 923 doniam

296 940 395 994 urbem
408 937 475 992 obse
497 939 526 991 't.
553 936 583 993 O.
597 936 724 990 Triarius
738 935 850 1007 legatus
863 935 977 989 Luculli
995 937 1127 990 adversus
1141 936 1181 990 Mi
1229 938 1324 992 'datcn

296 1025 397 1076 parum
405 1023 537 1076 prospere
545 1004 691 1076 pugnavit.
708 1003 867 1072 Lucullum,
878 1021 914 1058 ne
924 1005 1324 1074 persequeretur-Mithridaten

298 1093 331 1128 ac
355 1075 500 1146 Tigranen
527 1089 717 1142 summamque
742 1072 876 1126 victoriae
899 1072 1059 1142 inponeret,
1083 1073 1183 1127 seditio
1205 1074 1324 1127 militum

295 1143 400 1210 tenuit,
415 1141 481 1212 quia
489 1141 568 1211 sequi
581 1141 728 1208 nolebant,
744 1141 775 1194 id
788 1145 831 1195 est
844 1140 972 1211 legiones
985 1139 1168 1210 valerianae,
1188 1157 1260 1212 quae
1273 1142 1324 1195 irn-

296 1211 441 1280 pletaase
451 1209 592 1279 stipendia
600 1209 734 1276 dicentes,
744 1208 896 1263 Lucullum
904 1208 1085 1279 reliquerunt.

664 1297 704 1337 EX
717 1297 772 1337 LIB.
787 1297 955 1338 Lxxxxvnn.

349 1361 383 1426 Q.
392 1361 525 1417 Metellus
539 1363 688 1432 proconsul
697 1362 810 1417 Cnoson
824 1367 853 1418 et
862 1362 984 1433 Lyctum
999 1366 1027 1418 et
1042 1362 1064 1418 C
1086 1363 1197 1418 doniam
1211 1367 1240 1418 et
1254 1363 1324 1418 alias

295 1430 430 1501 plurimas
438 1431 522 1484 urbes
532 1432 711 1503 expugnavit.
733 1430 768 1484 L.
778 1431 897 1486 Roscius
910 1382 1240 1502 tribunusplebislegem
1249 1432 1324 1500 tulit,

296 1505 329 1551 ut
338 1499 477 1568 equitibus
485 1497 619 1552 Romanis
632 1500 662 1552 in
674 1500 786 1554 theatro
800 1500 1021 1570 quattuordecim
1037 1501 1141 1570 gradus
1149 1500 1267 1570 proximi
1276 1500 1325 1554 ad·

295 1568 483 1646 signarentur.
510 1565 561 1621 Cn.
570 1567 722 1638 Pompeius
735 1568 799 1639 lege
814 1568 851 1622 ad
864 1568 999 1638 populum
1012 1568 1072 1622 lata
1080 1569 1214 1644 persequi
1218 1569 1325 1638 piratas

297 1635 408 1756 iussnst,
416 1651 465 1704 qur
478 1635 675 1716 commercium
689 1652 817 1716 annonae
826 1637 1053 1717 intercluserunt,
1061 1636 1134 1716 intra
1144 1638 1325 1719 quadragesi·

295 1708 659 1842 trituraretur
669 1705 775 1843 {stt
783 1705 1037 1845 {Tiluiiihii
1046 1703 1326 1844 attituletur

295 1857 341 1894 res
360 1846 455 1920 gestas
475 1839 539 1904 aa.
554 1841 669 1922 Metello
686 1842 818 1922 adversus
835 1841 983 1922 Cretenses
1002 1841 1127 1922 continet
1144 1847 1173 1896 et
1191 1858 1207 1896 e
1228 1841 1325 1895 istolas

296 1907 1203 2049 itt¹lttttittttttffl.sistartiis}·tet
1213 1910 1326 2032 etth

297 2044 405 2098 miserit
413 2044 540 2115 legatum
549 2062 629 2097 suum
639 2046 675 2098 ad
685 2045 863 2114 accipiendas
872 2045 983 2099 urbium
993 2045 1156 2100 deditiones.
1174 2045 1325 2117 Pompeius

297 2113 435 2166 rationem
443 2112 536 2166 reddit
544 2112 597 2167 hoc
607 2129 637 2167 se
645 2112 741 2168 facere
750 2113 889 2168 debuisse.

738 2200 778 2240 EX
791 2200 847 2241 mn.
863 2199 894 2241 0.

348 2264 481 2346 Manilius
503 2266 631 2346 tribunus
672 2265 754 2346 lehis·
769 2282 875 2347 magna
896 2265 1090 2337 indignatione
1112 2264 1267 2320 nobilitatis
1285 2265 1325 2347 le-

296 2335 455 2482 aristi:
470 2335 1326 2483 aerea,cataractaaaaaaaar

297 2470 406 2525 msulae
419 2471 497 2543 leges
511 2471 597 2526 dedrt.
625 2471 676 2527 Cn.
689 2471 841 2543 Pompeius
856 2472 893 2527 ad
906 2471 1060 2544 gerendum
1072 2472 1179 2527 bellum
1193 2471 1325 2526 adversus

298 2539 482 2593 Mithridaten
498 2540 640 2609 profectus
658 2556 722 2594 cum
737 2558 768 2594 re
786 2557 805 2595 e
823 2540 992 2595 Parthorum
1008 2541 1152 2595 Phrahate
1174 2539 1326 2594 amicitiam

297 2607 450 2663 renovavit.
482 2608 604 2677 equestri
620 2608 728 2678 proelio
746 2559 929 2663 Mithridaten
945 2609 1021 2663 vicit.
1055 2614 1203 2678 praeterea
1219 2607 1327 2663 bellum

298 2678 371 2732 inter
384 2675 547 2729 Phrahaten
560 2692 591 2729 re
613 2692 657 2731 em
673 2675 842 2729 Parthorum
860 2681 889 2731 et
906 2676 1051 2747 Tigranen
1065 2677 1273 2747 Armeniorum,
1293 2691 1327 2731 ac

295 2745 401 2800 deinde
411 2744 484 2799 inter
492 2742 582 2798 filium
591 2694 735 2815 Tigranen
743 2750 908 2816 patremque
917 2749 1028 2816 gestum
1037 2744 1169 2801 continet.

729 2833 772 2873 EX
787 2832 844 2874 LIB.
860 2832 897 2876 01.

349 2898 401 2954 Cn.
415 2897 567 2968 Pompeius
579 2896 763 2956 Mithridaten
781 2903 918 2953 noctumo
931 2899 1039 2970 proelio
1048 2899 1151 2954 victum
1164 2915 1213 2955 coe
1236 2897 1257 2954 ‘t
1270 2898 1325 2953 Bo·

296 2984 410 3022 sorum
442 2967 581 3048 refugere.
608 2965 1206 3039 Tigranenindeditionemaceepiteiquea
1226 2968 1326 3038 emptis

298 2985 393 3106 Spyria,
412 2985 567 3103 sshoemoe
587 3035 687 3091 Cilicia
703 3053 821 3107 regnum
837 3036 988 3092 Ameriae
1005 3036 1136 3092 restitnit.
1170 3036 1326 3091 coniuratio

295 3121 393 3226 eotreurr}
406 3104 497 3225 quidiin
509 3104 645 3226 pesstliltff
659 3105 821 3227 corzsulatus
835 3105 957 3229 ambigue
971 3105 1096 3229 {amanti
1110 3110 1191 3161 erant
1204 3103 1327 3229 fffidie

297 3190 328 3226 m
393 3189 454 3227 cren
484 3189 544 3227 sco
638 3189 702 3226 uso
741 3190 884 3229 reseces.
935 3192 963 3227 n.
998 3190 1048 3228 om
1069 3191 1128 3229 erus
1142 3191 1205 3228 cum
1316 3203 1327 3213 -

296 3241 385 3293 daten
419 3245 623 3310 ersequeretur,
638 3190 792 3296 inultiinas
805 3242 918 3313 ignotas
938 3259 973 3297 ne
987 3192 1086 3313 gentis
1115 3242 1259 3310 enetravit,
1274 3241 1326 3295 Hi-

298 3257 515 3362 berolebanos
535 3325 595 3387 ue,¹
618 3307 809 3387 uictransitum
821 3327 879 3364 non
887 3259 1007 3377 delient,
1022 3260 1129 3380 proelio
1142 3310 1217 3363 vicit.
1244 3327 1326 3388 prae·

297 3382 378 3429 terea
389 3374 488 3446 fugam
542 3324 671 3454 thrrgatrs
684 3394 735 3447 per
744 3376 864 3433 Colchos
876 3378 1094 3448 Heniochosque
1108 3381 1194 3433 atres
1208 3377 1327 3433 abeam

298 3442 424 3512 Bosporo
433 3448 528 3513 gestas
537 3448 668 3497 continet.

725 3532 833 3572 nnana
849 3531 896 3573 cn.

352 3595 402 3650 Cn.
420 3596 490 3650 Pom
512 3597 571 3651 eins
588 3597 618 3649 in
634 3596 794 3666 provinciae
811 3598 928 3651 formam
945 3597 1068 3651 Pontum
1084 3596 1203 3667 redegit.
1237 3595 1327 3650 Phar·

300 3681 387 3719 neces
399 3663 474 3717 filius
516 3665 653 3718 'thridatis
666 3665 771 3719 bellum
784 3666 861 3735 patri
873 3665 975 3718 intulit.
1003 3665 1038 3720 ab
1049 3681 1082 3720 eo
1091 3664 1268 3719 Mithridates
1278 3666 1326 3719 ob·

297 3749 393 3788 sessus
402 3733 432 3786 in
440 3733 520 3803 regia
530 3749 593 3787 cum
600 3750 708 3788 veneno
718 3740 828 3803 sumpto
837 3750 936 3803 parum
945 3733 1109 3803 profecisset
1119 3734 1156 3787 ad
1164 3738 1293 3802 mortem,
1309 3751 1327 3788 a

300 3801 389 3856 milite
399 3800 484 3856 Gallo
497 3802 608 3856 nomine
617 3801 716 3855 Bitoco
741 3818 821 3872 aquo
831 3807 864 3856 ut
873 3801 1019 3857 adiuvaret
1027 3819 1056 3856 se
1065 3802 1198 3873 petierat,
1213 3800 1326 3856 interfe-

298 3877 363 3924 ctus
377 3875 428 3925 est.
455 3869 505 3925 Cn.
516 3869 667 3940 Pompeius
676 3842 795 3925 Iudaeos
808 3870 935 3942 subegit3
947 3870 1044 3923 fanum
1054 3887 1149 3925 eorum
1158 3870 1187 3923 in
1195 3869 1326 3924 Hieroso-

299 3939 385 4009 lyma,
396 3938 560 3993 inviolatum
573 3940 610 3993 ad
622 3939 653 3992 id
660 3945 783 4009 tempus,
797 3938 880 4010 cepit.
905 3939 939 3993 L.
950 3938 1085 4007 Catilina,
1097 3938 1139 3991 bis
1148 3938 1288 4009 repulsam
1297 3939 1327 3993 in
1339 3943 1348 3962 “
1392 3942 1393 3947 ’

298 4007 916 4078 petitioneconsulatuspassus,cumLentulo
945 4007 1326 4088 raetoreetCethegoetcon·

299 4075 428 4145 pluribus
445 4076 508 4129 aliis
526 4076 682 4130 coniuravit
694 4076 831 4131 decaede
845 4092 913 4130 cons
944 4093 990 4129 um
1003 4081 1033 4130 et
1046 4082 1171 4143 senatus,
1190 4076 1327 4134 incendiis

300 4143 377 4197 urbis
396 4148 426 4197 et
443 4144 626 4214 obprimenda
639 4161 669 4200 re
702 4144 798 4199 ublica
830 4144 954 4200 exercitu
968 4161 1078 4214 quoque
1093 4144 1122 4198 in
1134 4144 1247 4198 Etruria
1261 4160 1326 4198 con·

322 4217 409 4266 arato.
437 4229 472 4267 ea
486 4213 640 4267 coniuratio
652 4162 790 4267 inlustria
797 4186 836 4267 M
847 4213 925 4267 Tulli
934 4213 1075 4269 Ciceronis
1085 4219 1164 4268 eruta
1173 4218 1223 4267 est.
1250 4211 1326 4268 Cati-

315 4278 321 4291 '
343 4280 438 4337 aurbe
445 4282 527 4352 pulso
537 4283 572 4338 de
579 4282 695 4353 reliquis
703 4282 855 4338 coniuratis
864 4282 1031 4353 supplicium
1040 4287 1179 4353 sumptum
1188 4288 1238 4335 est.
