3384 4975
409 513 472 580 102
604 518 913 587 LIBERXXXXHI,
932 470 1234 586 17.181[ιι..ιιι.585]

408 694 444 750 ut
461 678 649 769 praesidia
639 702 674 742 ιιι
696 677 793 741 urbes
817 697 891 739 suas
912 673 1138 738 inducerentur
1154 672 1309 738 adversus
1328 698 1440 741 amen·

374 778 486 850 stiam
505 797 630 848 eorum,
657 792 713 856 qur
702 770 771 834 ad
788 767 986 835 Macedonas
1003 780 1132 853 gentem
1155 767 1340 844 trabebant3
1362 793 1438 854 pars

410 892 572 946 recusare,
589 889 644 944 ne,
661 865 748 974 quod
766 863 850 928 bello
868 862 968 972 captis
986 875 1018 927 et
1034 861 1178 934 hostibus
1194 884 1264 926 mos
1283 877 1383 940 esset,
1405 866 1440 929 id

377 989 391 1036 9
410 976 542 1050 pacatae
560 974 593 1026 et
615 960 720 1025 sociae
737 958 882 1024 civitates
903 956 1109 1042 ignominiae
1119 957 1309 1041 acciperent.
1354 959 1440 1024 iusta

410 1059 569 1145 depreeat'
559 1079 590 1122 ιο
546 1053 732 1122 thaec
701 1076 780 1118 visa.
807 1050 968 1149 Larisam
968 1048 1195 1122 ,ddHoslilium
1213 1055 1439 1137 proconsulem

360 1175 452 1222 ιο-
408 1153 508 1217 -ab
526 1174 564 1218 eo
581 1151 667 1216 enim
684 1147 785 1219 missi·
762 1133 1042 1236 sare->agae
1059 1146 1233 1210 redierunt
1261 1144 1437 1212 Octavium

409 1246 559 1316 retinuit.
562 1246 686 1332 sentin,
705 1217 888 1351 Pbp'lliinn
911 1261 985 1304 cum
1006 1240 1092 1305 mille
1110 1239 1211 1304 ferme
1233 1240 1439 1308 militibusin

364 1327 556 1426 hiberna·
554 1316 769 1432 A'mliraciain
785 1335 880 1399 misit.

271 1457 289 1500 ·.
366 1436 450 1530 ιξν
429 1407 607 1501 'Keilii
633 1432 772 1496 Perseus
789 1428 946 1515 principio
963 1427 1077 1492 hiemis
1095 1428 1205 1513 egredi
1222 1427 1437 1495 Macedoniae

292 1514 316 1592 '·.
339 1515 386 1578 ¹:-
402 1514 526 1593 finibus
536 1550 600 1592 non
614 1549 720 1603 ausus,
738 1548 779 1590 ne
792 1523 903 1608 quain
917 1544 1054 1608 regnum
1069 1544 1207 1587 vacuum
1220 1523 1438 1609 inrumperent
1487 1605 1491 1615 ι

410 1622 562 1699 Romani,
594 1621 694 1685 subt
681 1631 807 1729 tempus
832 1619 979 1693 brumae,
1006 1638 1080 1680 cum
1105 1616 1369 1702 inexsuperabilis
1397 1620 1438 1684 ab
1491 1618 1494 1623 ’

378 1735 392 1781 2
411 1714 578 1782 Thessalia
587 1726 710 1779 montes
722 1713 805 1778 nivis
820 1713 864 1776 alt
864 1711 955 1776 itudo
964 1710 1041 1776 facit
1028 1712 1260 1789 t,oecasionem
1270 1736 1340 1779 esse
1349 1726 1437 1780 ratus

368 1849 371 1857 .
410 1809 580 1896 frangendi
601 1808 807 1873 finitimorum
831 1829 904 1892 spes
926 1806 1128 1891 animosque,
1153 1819 1195 1871 ne
1221 1807 1299 1891 quid
1325 1830 1438 1874 averso

410 1928 445 1971 se
457 1905 492 1968 in
501 1904 683 1969 Romanum
696 1902 816 1967 bellum
828 1901 962 1986 periculi
976 1900 1017 1964 ab
1031 1902 1059 1965 is
1073 1911 1166 1978 esset,
1185 1924 1258 1965 cum
1272 1903 1439 1969 aTbreeia

409 2021 522 2083 pacem
538 1996 649 2082 Cotys,
668 1996 709 2061 ab
723 1995 823 2081 Epiro
834 1993 998 2080 Cephalus
1016 1997 1182 2081 repentina
1200 1996 1378 2063 defectione
1397 1999 1438 2063 ab

412 2094 564 2159 Romanis
578 2102 785 2178 praestarent,
804 2090 976 2154 Dardanos
989 2112 1100 2155 recens
1115 2091 1289 2156 domuisset
1306 2093 1438 2172 bellum,

376 2204 392 2250 a
410 2188 513 2254 solum
536 2188 687 2252 infestum
705 2209 775 2251 esse
793 2184 1005 2250 Macedoniae
1023 2187 1121 2263 latus,
1144 2187 1231 2269 quod
1248 2188 1290 2252 ab
1308 2185 1437 2273 Illyrico

409 2293 547 2368 pateret,
575 2304 721 2356 cernens,
747 2301 852 2364 neque
877 2279 955 2365 ipsis
978 2279 1093 2369 quietis
1117 2280 1234 2365 Illyriis
1257 2293 1289 2347 et
1315 2283 1437 2347 aditum

410 2377 635 2462 praebentibus
649 2375 814 2451 Romanis,
833 2374 860 2439 si
880 2374 1053 2438 domuisset
1069 2375 1230 2459 proximos
1245 2376 1437 2462 Illyriorum,

411 2469 566 2537 Gentium
592 2492 720 2554 quoque
742 2492 853 2556 regem
875 2467 939 2533 iam
962 2469 1018 2533 diu
1042 2469 1176 2534 dubium
1197 2471 1232 2535 in
1254 2472 1438 2539 societatem

409 2566 520 2652 perlici
537 2588 646 2650 posse,
665 2587 739 2630 cum
757 2564 868 2630 decem
885 2564 1013 2629 milibus
1033 2566 1191 2649 peditum,
1210 2587 1346 2650 quorum
1364 2592 1437 2655 pars

376 2676 392 2721 4
410 2660 612 2747 phalangitae
631 2671 731 2737 erant,
749 2670 781 2726 et
799 2659 924 2725 duobus
942 2660 1070 2724 milibus
1090 2661 1211 2725 levium
1229 2685 1389 2727 armorum
1408 2677 1439 2729 et

376 2771 391 2817 5
411 2755 592 2840 quingentis
611 2755 771 2837 equitibus
788 2755 951 2841 profectus
967 2753 1138 2821 Stuberam
1156 2756 1252 2821 venit.
1278 2756 1353 2822 inde
1371 2757 1439 2823 fru-

408 2859 517 2913 mento
550 2849 750 2934 conplurium
781 2850 905 2915 dierum
940 2859 1067 2934 sumpto
1097 2849 1248 2933 iussoque
1284 2865 1440 2937 apparatu

410 2942 699 3027 oppugnandarum
716 2945 842 3009 urbium
862 2945 962 3028 sequi,
982 2945 1074 3009 tertio
1093 2945 1144 3010 die
1163 2945 1204 3010 ad
1217 2945 1382 3011 Uscanam
1396 2984 1439 2995 —

410 3036 622 3102 Penestianae
640 3048 742 3104 terrae
761 3063 799 3105 ea
816 3040 956 3104 maxima
978 3040 1054 3104 urbs
1074 3052 1123 3106 est
1139 3078 1183 3088 —
1199 3041 1305 3126 posuit
1324 3052 1439 3120 castra,

378 3143 392 3190 6
410 3130 497 3215 prius
515 3142 622 3196 tamen
640 3153 737 3216 quam
754 3134 819 3198 vim
842 3135 1026 3200 admoveret
1046 3136 1150 3200 missis
1170 3137 1225 3220 qui
1247 3146 1440 3221 temptarent

410 3247 495 3290 nuno
512 3225 746 3311 praefectorum
764 3230 917 3314 praesidi,
942 3252 1028 3294 nunc
1050 3230 1281 3315 oppidanorum
1305 3231 1438 3295 animos.

411 3330 478 3384 erat
497 3332 603 3385 autem
617 3320 662 3385 ibi
676 3344 748 3386 cum
766 3324 1120 3409 iuventutelllyriorum
1131 3326 1312 3390 Romanum
1331 3324 1439 3410 [prae-

377 3428 390 3475 t
410 3412 553 3500 sidium]
576 3427 747 3502 postquam
763 3417 842 3482 nihil
860 3418 965 3503 pacati
978 3418 1168 3497 referebant,
1188 3441 1374 3505 oppugnare
1390 3430 1439 3483 est
1487 3461 1488 3464 =

411 3509 540 3575 adortus
559 3522 591 3575 et
609 3533 727 3576 corona
744 3535 815 3577 eam
833 3533 947 3598 capere
965 3524 1097 3578 conatus
1116 3524 1174 3578 est.
1211 3535 1284 3577 eum
1303 3513 1370 3577 siue
1388 3512 1439 3576 in·

410 3605 608 3671 termissione
628 3606 767 3671 interdiu
785 3618 946 3691 noctuque
965 3607 1018 3672 alii
1037 3607 1106 3673 aliis
1125 3606 1346 3683 succedentes,
1364 3628 1439 3691 pars

410 3700 512 3764 scalas
529 3700 644 3778 muris,
671 3701 779 3786 ignem
802 3702 902 3787 portis
919 3702 1086 3777 inferrent,
1115 3702 1314 3769 sustinebant
1331 3712 1439 3765 tamen

376 3803 482 3856 eeam
505 3804 727 3879 tempestatem
748 3807 1001 3882 propugnatores
1024 3795 1128 3872 urbis,
1155 3796 1233 3880 quia
1259 3818 1332 3882 spes
1359 3806 1439 3872 erat,

410 3906 514 3967 neque
532 3886 644 3951 hiemis
663 3888 728 3952 vim
746 3889 865 3955 diutius
882 3901 937 3976 pat
925 3888 1154 3955 tiMaoedonas
1172 3891 1206 3955 in
1220 3902 1310 3977 apert
1312 3912 1330 3955 o
1344 3912 1440 3975 posse

409 3996 470 4040 nec
496 3980 537 4042 ab
563 3980 709 4047 Romano
736 3984 821 4049 bello
847 3996 916 4050 tant
917 4008 972 4049 um
997 3984 1067 4070 regi
1092 3984 1265 4051 laxamenti
1292 3985 1440 4060 forant

377 4082 516 4152 sponset
533 4075 660 4140 morari.
706 4089 847 4144 ceterum
869 4070 1040 4165 postquam
1062 4079 1172 4145 vineas
1195 4081 1248 4165 agi
1272 4093 1439 4163 turresque

411 4162 542 4227 excitari
558 4166 818 4249 videturesviota
834 4174 1010 4260 pertinacia
1027 4186 1084 4239 est.
1121 4198 1195 4239 nam
1213 4187 1439 4260 praeterquam

409 4256 498 4342 quod
515 4257 714 4328 adversus
684 4289 750 4331 vrm
767 4291 859 4353 pares
877 4291 942 4335 non
960 4281 1059 4346 eraut,
1077 4292 1117 4336 ne
1135 4270 1288 4336 frumenti
1306 4268 1439 4354 quidem
