3384 4975
451 451 457 462 ’
501 501 619 558 anm
635 502 825 572 xxxxnn,
844 502 887 556 a.
899 504 944 557 a.
965 504 1003 573 [a.
1013 501 1044 559 c.
1055 504 1118 572 168]
1263 491 1325 556 129

296 662 439 747 quadam
462 681 502 724 ex
528 669 617 744 parte
646 658 742 722 etiam
764 659 915 744 Philippo
937 669 1026 743 patre
1050 681 1107 722 suo
1129 660 1327 724 Antiochum

297 765 536 842 oppugnatum3
554 752 587 814 in
605 774 639 816 se
657 776 743 817 nunc
760 765 793 816 et
801 752 970 816 Eumenen
989 766 1020 817 et
1033 752 1171 817 Prusian
1189 766 1326 818 armatos

297 872 379 916 esse.
424 847 450 911 si
468 846 678 910 Macedoniae
696 869 831 931 regnum
850 847 1010 910 sublatum
1028 846 1120 923 foret,
1138 869 1327 932 proxumam
1345 871 1361 916 4

298 944 415 1008 Asiam
432 963 512 1015 esse,
531 960 628 1022 quam
640 940 705 1002 iam
720 962 760 1004 ex
776 952 866 1024 parte
881 940 941 1003 sub
960 940 1065 1025 specie
1082 940 1238 1004 liberandi
1253 942 1329 1005 civi-

295 1037 376 1103 tatis
394 1057 485 1099 suam
500 1033 647 1109 fecerint,
666 1033 779 1097 deinde
791 1033 927 1117 Syriam.
959 1034 1023 1097 iam
1032 1034 1180 1098 Prusiam
1189 1033 1327 1099 Eumeni
1345 1056 1360 1103 5

302 1132 422 1195 honore
439 1126 606 1213 praeferri,
628 1127 693 1189 iam
710 1126 907 1190 Antiochum
925 1128 1077 1191 victorem
1094 1128 1236 1212 praemio
1254 1129 1327 1194 belli

302 1226 456 1309 Aegypto
473 1220 583 1285 arceri.
629 1220 707 1285 haec
726 1221 920 1306 cogitantem
936 1222 1103 1306 providere
1121 1222 1265 1298 iubebat,
1293 1234 1328 1285 ut
1347 1237 1361 1282 o

302 1329 359 1381 aut
377 1317 418 1381 ad
436 1337 549 1400 paoem
562 1336 671 1379 secum
688 1315 869 1379 faciendam
883 1316 1075 1400 conpelleret
1084 1316 1256 1393 Romanos,
1275 1328 1330 1379 aut

301 1422 543 1497 perseverantes
561 1409 595 1472 in
613 1408 696 1472 bello
714 1409 831 1472 iniusto
847 1430 1031 1474 communes
1045 1409 1175 1474 duceret
1188 1410 1329 1474 omnium

302 1527 417 1589 regum
433 1504 549 1567 hostes.
594 1504 636 1566 ad
653 1502 850 1567 Antiochum
869 1515 977 1587 aperta
994 1505 1146 1567 mandata
1162 1517 1266 1582 erant,
1290 1504 1332 1568 ad
1350 1519 1362 1563 7

302 1598 473 1663 Eumenen
490 1620 547 1682 per
565 1598 703 1682 speciem
721 1598 1193 1682 captivorumredimendorum
1214 1599 1330 1663 missus

302 1692 428 1777 legatus
454 1701 538 1767 erat3
566 1688 631 1776 [re]
659 1713 735 1755 vera
760 1692 932 1755 occultiora
959 1688 1117 1774 quaedam
1143 1693 1330 1777 agebantur,

303 1807 386 1869 quae
401 1785 627 1869 inpraesentia
641 1785 779 1848 invisum
793 1785 923 1868 quidem
936 1797 968 1850 et
981 1797 1163 1870 suspectum
1176 1785 1330 1851 Romanis

304 1879 474 1943 Eumenen
491 1879 579 1942 falsis
598 1879 799 1963 gravioribus
818 1878 1019 1964 [criminibus
1038 1878 1240 1965 onerarunt];
1259 1902 1332 1965 pro·
1350 1893 1365 1939 8

303 1973 388 2036 ditor
400 1971 486 2037 enim
499 1993 537 2035 ac
551 1993 650 2058 prope
665 1972 765 2037 host-is
779 1972 917 2048 habitus,
933 1973 1009 2036 dum
1022 1974 1104 2038 inter
1119 1997 1153 2037 se
1163 1974 1226 2037 duo
1239 1996 1332 2058 reges

305 2076 470 2149 captantes
481 2065 595 2130 fraude
609 2077 642 2129 et
655 2067 788 2129 avaritia
797 2077 928 2129 certant.
957 2063 1066 2150 Cydas
1080 2078 1148 2130 erat
1158 2064 1331 2143 Cretensis,
1351 2079 1365 2125 9

303 2183 347 2223 ex
364 2157 482 2222 intimis
500 2156 665 2222 Eumenis.
693 2159 742 2222 his
761 2160 849 2244 prius
869 2160 910 2223 ad
924 2159 1144 2245 Amphipolim
1162 2182 1235 2224 cum
1254 2158 1332 2223 Chi-

304 2274 395 2317 maro
413 2252 552 2335 quodam
575 2253 722 2338 populari
745 2276 803 2317 suo
825 2254 980 2319 militante
1003 2266 1081 2338 aput
1098 2253 1232 2330 Persea,
1258 2254 1332 2318 inde

304 2358 417 2432 postea
438 2347 481 2409 ad
497 2346 738 2412 Demetriadem
760 2348 858 2412 semel
882 2370 955 2412 cum
973 2346 1159 2412 Menecrate
1182 2348 1332 2432 quodam,

305 2443 420 2507 iterum
439 2462 513 2505 cum
529 2439 738 2519 Antimacho,
756 2442 852 2528 regiis
871 2442 1019 2519 ducibus,
1038 2442 1098 2506 sub
1116 2442 1193 2528 ipsis
1211 2442 1333 2507 moeni·
1357 2483 1358 2488 κ

306 2537 367 2600 bus
385 2535 474 2598 urbis
488 2535 673 2599 conlocutus
691 2536 805 2601 fuerat.
833 2537 1021 2621 Hierophon
1034 2557 1172 2619 quoque,
1191 2538 1246 2619 qui
1265 2550 1333 2600 tum
1353 2550 1384 2596 10

306 2629 422 2693 missus
440 2639 503 2705 est,
530 2629 655 2693 duabus
673 2630 715 2693 ad
737 2630 873 2695 eundem
888 2629 1056 2693 Eumenen
1073 2630 1138 2692 iam
1156 2642 1229 2693 ante
1247 2629 1335 2712 lega·

309 2721 449 2787 tionibus
463 2720 592 2787 functus
602 2734 679 2787 erat.
707 2745 790 2807 quae
800 2724 969 2807 conloquia
979 2724 1144 2788 occultaet
1158 2723 1332 2808 legationes
1353 2738 1383 2783 11

306 2816 443 2881 infames
452 2816 582 2899 quidem
592 2828 691 2894 erant,
701 2819 844 2902 sedquid
854 2830 961 2882 aetum
971 2829 1054 2883 esset
1063 2817 1180 2901 quidve
1194 2817 1276 2882 inter
1285 2840 1335 2881 re-

306 2932 366 2996 ges
384 2910 584 2975 convenisset
600 2912 816 2996 ignorabatur.
844 2936 895 2978 res
914 2924 1020 2977 autem
1037 2914 1082 2976 ita
1100 2935 1170 2977 sese
1188 2911 1308 2976 habuit.
1370 2939 1378 2961 0

371 3003 489 3070 XXV.
517 3005 681 3071 Eumenes
703 3030 808 3090 neque
831 3008 912 3072 favit
934 3008 1084 3073 victoriae
1101 3008 1213 3073 Persei
1230 3025 1368 3092 nequer

308 3099 394 3164 bello
412 3120 487 3163 eum
503 3099 613 3164 iuvare
632 3098 694 3185 [in]
715 3103 820 3165 animo
837 3102 959 3179 habuit,
978 3125 1043 3166 non
1060 3115 1125 3166 tam
1139 3104 1213 3186 quia
1230 3114 1336 3187 pater-

309 3215 370 3258 nae
387 3193 471 3256 inter
489 3214 543 3257 eos
561 3194 745 3260 inimicitiae
764 3208 854 3260 erant
871 3198 1012 3282 ipsorum
1031 3196 1110 3261 odiis
1133 3198 1214 3261 inter
1231 3220 1266 3261 se
1284 3219 1337 3261 ao-

309 3308 434 3351 censae.
461 3307 526 3351 nou
544 3309 582 3351 ea
600 3310 713 3374 regum
731 3290 912 3367 aemulatio,
931 3303 967 3355 ut
981 3312 1082 3373 aequo
1097 3291 1202 3354 animo
1216 3289 1337 3354 Persea
1356 3305 1370 3352 2

309 3391 415 3444 tantas
438 3380 538 3465 apisci
560 3403 637 3467 opes
659 3395 844 3467 tantamque
866 3385 1015 3470 gloriam,
1042 3396 1161 3467 quanta
1184 3384 1337 3447 Romanis

311 3475 403 3538 victis
421 3496 496 3538 eum
513 3476 673 3555 manebat,
689 3474 851 3543 Eumenes
866 3479 991 3541 visurus
1010 3477 1114 3541 fuerit.
1143 3476 1293 3540 cernebat
1306 3488 1338 3541 et
1356 3491 1370 3535 o

311 3566 433 3632 Persea
457 3567 522 3632 iam
545 3569 618 3635 inde
641 3570 682 3633 ab
703 3571 793 3635 initio
816 3572 893 3635 belli
911 3571 997 3634 omni
1018 3568 1113 3632 modo
1138 3591 1227 3652 spem
1249 3569 1337 3651 pacis

310 3672 484 3746 temptasse
493 3663 567 3727 etin
576 3665 643 3729 dies
653 3667 765 3751 magis,
781 3688 845 3748 quo
859 3667 989 3751 propior
998 3665 1219 3729 admoveretur
1228 3673 1337 3739 terror,

309 3755 389 3819 nihil
406 3777 512 3839 neque
526 3780 621 3843 agere
636 3759 722 3823 aliud
736 3782 839 3843 neque
856 3761 1006 3845 cogitare,
1025 3759 1187 3822 Romanos
1201 3777 1338 3840 quoque,
1358 3772 1374 3816 4

311 3849 388 3932 quia
400 3849 581 3916 traheretur
590 3849 709 3917 diutius
723 3876 779 3938 spe
794 3854 936 3938 ipsorum
950 3853 1079 3929 bellum,
1099 3863 1130 3915 et
1142 3852 1228 3935 ipsos
1242 3850 1339 3914 duces

311 3953 344 4008 et
361 3954 512 4009 senatum
528 3966 594 4008 non
611 3946 781 4012 abhorrere
800 3971 819 4012 a
836 3948 976 4011 finiendo
994 3958 1061 4010 tam
1082 3944 1284 4009 incommodo
1302 3965 1340 4010 ac

311 4037 436 4103 difficili
457 4037 552 4102 bello.
595 4039 659 4104 hac
677 4040 842 4125 utriusque
860 4041 958 4125 partis
976 4038 1138 4103 voluntate
1161 4039 1333 4124 explorata,
1356 4053 1370 4098 5

313 4132 400 4213 quod
417 4131 490 4196 fieri
506 4131 604 4197 etiam
621 4156 680 4198 sua
698 4146 810 4220 sponte
828 4135 934 4198 taedio
953 4132 1129 4210 validioris,
1147 4146 1236 4198 metu
1253 4133 1340 4196 infir·

315 4225 422 4308 mioria
441 4224 592 4290 credebat
609 4249 712 4312 posse,
731 4229 765 4292 in
782 4250 820 4293 co
834 4251 925 4292 suam
941 4249 1069 4312 operam
1083 4228 1247 4293 venditare
1265 4248 1343 4290 con·

365 4325 510 4370 1111111111
1170 4329 1191 4382 <3
1304 4336 1308 4345 ·
