3384 4975
435 508 552 569 mass
567 513 741 582 xxxxm,
759 512 859 567 1213.
879 511 1100 582 [11111119]
1241 498 1282 566 97

322 672 403 735 XII.
429 670 591 755 Principio
613 668 809 751 insequentis
836 665 910 730 anni
933 690 1007 732 cum
1034 671 1179 735 consules
1205 671 1281 736 novi
1302 691 1315 737 1

259 765 302 847 Q.
324 765 467 829 Marcius
494 776 526 828 et
548 761 610 826 Cn.
634 761 789 826 Servilius
816 760 856 825 de
882 761 1053 846 provinciis
1078 764 1282 841 rettulissent,

257 861 360 946 primo
378 878 506 941 quoque
523 870 666 940 tempore
681 865 737 918 aut
751 877 924 939 conparare
943 877 997 920 eos
1014 857 1096 921 inter
1113 881 1147 924 se
1156 859 1283 923 Italiam

258 965 291 1018 et
300 950 526 1015 Macedoniam
541 960 596 1012 aut
609 948 712 1012 sortiri
730 947 863 1030 placuit:
881 948 1066 1032 priusquam
1083 950 1118 1014 id
1136 973 1202 1015 sors
1217 972 1283 1016 cer·
1302 971 1316 1017 2

259 1054 366 1119 neret,
391 1043 426 1105 in
445 1042 616 1117 incertum,
643 1061 683 1106 ne
702 1040 779 1124 quid
801 1041 905 1125 gratia
922 1042 1075 1106 momenti
1093 1044 1225 1120 faceret,
1251 1045 1285 1107 in

261 1147 429 1218 utramque
451 1133 645 1220 provinciam
667 1133 754 1215 quod
774 1155 826 1198 res
854 1133 1047 1200 desideraret
1074 1135 1285 1220 supplementi

260 1227 403 1292 decerni:
424 1227 457 1291 in
474 1226 699 1290 Macedoniam
717 1225 860 1311 peditum
877 1226 1096 1293 Romanorum
1115 1251 1172 1293 sex
1188 1228 1284 1305 milia,
1304 1249 1318 1296 s

259 1321 418 1384 sociorum
435 1319 571 1383 nominis
588 1320 698 1385 Latini
716 1342 772 1384 sex
788 1319 886 1395 milia,
905 1320 1027 1403 equites
1045 1321 1207 1386 Romanos
1226 1323 1285 1386 du-

259 1423 368 1478 centos
399 1413 646 1498 quinquaginta,
683 1415 784 1478 socios
809 1424 983 1491 trecentos,
1017 1425 1139 1480 veteres
1170 1416 1319 1483 milites4

259 1507 385 1583 dimitti,
403 1507 448 1571 ita
465 1517 502 1571 ut
518 1507 552 1570 in
567 1508 709 1592 singulas
719 1508 881 1573 Romanas
899 1508 1041 1594 legiones
1059 1532 1100 1574 ne
1117 1511 1190 1594 plus
1208 1534 1286 1576 sena

259 1601 348 1664 milia
364 1601 517 1685 peditum,
535 1603 655 1666 treceni
673 1602 795 1685 equites
813 1613 928 1668 essent.
964 1602 1054 1668 alteri
1073 1604 1196 1668 consuli
1213 1605 1286 1669 nul·
1303 1625 1317 1672 5

258 1695 309 1759 lus
328 1705 432 1759 certus
449 1694 556 1759 finitus
573 1718 725 1760 numerus
744 1696 862 1761 civium
879 1697 1113 1774 Romanorum,
1137 1719 1233 1781 quem
1250 1698 1285 1764 in

259 1789 515 1873 supplementum
527 1791 658 1875 legeret.
685 1791 719 1854 id
732 1791 828 1854 modo
840 1792 976 1869 finitum,
995 1803 1029 1856 ut
1045 1793 1124 1857 duas
1142 1793 1284 1878 legiones

260 1883 424 1959 scriberet,
442 1893 534 1965 quae‘
543 1885 640 1966 quina
657 1884 745 1948 milia
761 1885 907 1970 peditum
925 1897 957 1950 et
974 1887 1168 1951 ducentenos
1186 1886 1285 1952 habe-

259 1985 346 2051 rent,
364 1976 485 2056 equites
504 1985 657 2040 trecenos.
701 1977 892 2041 Latinorum
909 1979 1012 2042 maior
1029 2000 1126 2062 quam
1144 1981 1284 2064 collegae
1304 2000 1317 2046 o

259 2069 406 2132 decretus
423 2088 585 2142 numerus,
604 2067 746 2151 peditum
764 2070 876 2133 decem
892 2071 980 2133 milia
997 2081 1030 2134 et
1047 2071 1182 2136 sescenti
1196 2072 1285 2152 equi-

258 2174 318 2227 tes.
363 2170 513 2244 quattuor
534 2171 697 2245 praeterea
718 2162 860 2246 legiones
879 2162 973 2226 scribi
990 2163 1110 2238 iussae,
1137 2184 1234 2244 quae,
1258 2164 1286 2225 si

259 2277 324 2339 quo
343 2276 423 2339 opus
442 2263 535 2338 esset,
555 2254 774 2319 educerentur.
806 2254 952 2319 tribunos
970 2258 996 2319 ts
1014 2276 1079 2319 non
1096 2254 1286 2338 permissum
1305 2274 1319 2320 r

259 2360 297 2413 ut
323 2348 468 2414 consules
494 2347 652 2425 facerent3
684 2349 822 2434 populus
850 2350 978 2415 creavit.
1031 2349 1124 2414 sociis
1150 2348 1286 2413 nominis
1379 2413 1385 2428 Ν

259 2442 371 2507 Latini
389 2440 551 2506 sexdecim
569 2442 656 2507 milia
674 2443 817 2528 peditum
835 2454 868 2509 et
884 2444 970 2510 mille
988 2443 1111 2528 equites
1128 2443 1284 2528 imperati.

258 2538 347 2601 hunc
365 2535 538 2599 exercitum
561 2537 667 2619 parari
684 2548 807 2601 tantum
824 2539 959 2621 placuit,
981 2551 1018 2602 ut
1039 2538 1153 2613 exiret,
1178 2538 1285 2620 siquo
1305 2557 1319 2603 8

259 2654 312 2696 res
333 2639 487 2715 posceret.
528 2629 722 2693 Macedonia
738 2631 877 2694 maxime
895 2653 1004 2693 curam
1021 2631 1205 2714 praebebat.
1253 2630 1287 2691 in
1306 2647 1320 2693 9

260 2728 396 2792 classem
413 2724 500 2788 mille
516 2724 593 2789 socii
609 2725 739 2788 navales
757 2725 842 2789 cives
852 2726 990 2789 Romani
1003 2725 1141 2789 libertini
1157 2726 1286 2801 ordinis,

260 2843 302 2884 ex
324 2818 418 2881 Italia
441 2816 640 2903 [quingenti]
664 2817 760 2882 scribi
782 2818 875 2893 iussi,
903 2819 1034 2884 totidem
1056 2828 1092 2882 ut
1114 2842 1154 2883 ex
1177 2818 1287 2883 Sicilia

262 2912 487 2986 scriberentur,
506 2925 538 2975 et
556 2910 607 2975 cui
625 2934 663 2975 ea
680 2912 845 2996 provincia
858 2912 1015 2977 evenisset
1033 2912 1233 2988 mandatum,
1251 2922 1288 2976 ut

262 3028 317 3070 eos
331 3004 364 3068 in
373 3005 607 3080 Macedoniam,
625 3005 818 3089 ubicumque
834 3006 943 3071 classis
962 3016 1055 3083 esset,
1074 3005 1286 3091 deportandos

262 3109 397 3163 curaret.
439 3099 473 3162 in
495 3100 685 3183 Hispaniam
708 3100 769 3163 tria
789 3099 879 3164 milia
901 3100 1044 3185 peditum
1067 3098 1287 3164 Romanorum
1307 3116 1338 3161 10

261 3193 297 3256 in
322 3192 591 3276 supplementum,
617 3194 749 3257 trecenti
780 3194 903 3277 equites
928 3194 1056 3260 decreti.
1109 3193 1216 3255 finitus
1241 3192 1288 3254 ibi

263 3306 392 3368 quoque
404 3286 439 3350 in
451 3285 591 3370 legiones
605 3275 740 3349 milituln
753 3310 915 3363 numerus,
933 3289 1076 3371 peditum
1090 3286 1188 3367 quina
1202 3284 1289 3347 milia

264 3379 380 3442 duceni
398 3379 565 3443 ettreceni
583 3380 715 3460 equites.
749 3390 779 3443 et
798 3381 892 3444 sociis
909 3380 1065 3463 imperare
1082 3386 1218 3460 praetor,
1237 3376 1289 3438 cui
1309 3396 1336 3439 11

263 3472 425 3553 Hispania
451 3470 644 3544 obvenisset,
671 3472 777 3534 iussus
804 3482 954 3552 quattuor
979 3470 1067 3531 milia
1092 3467 1236 3549 peditum
1258 3477 1290 3528 et

264 3571 423 3627 trecentos
441 3562 573 3641 equites.

332 3652 432 3715 Xlll.
459 3652 534 3714 Non
557 3673 628 3714 sum
649 3651 775 3714 nescius
798 3651 838 3713 ab
857 3650 970 3713 eadem
986 3646 1197 3729 neclegentia,
1216 3645 1290 3726 quia
1310 3668 1321 3710 1

265 3747 346 3813 nihil
364 3745 440 3809 deos
458 3743 646 3828 portendere
660 3744 757 3826 vulgo
771 3765 857 3805 nunc
874 3742 1014 3816 credant,
1032 3762 1136 3821 neque
1154 3737 1291 3801 nuntiari

266 3839 441 3907 admodum
467 3838 532 3901 ulla
558 3834 704 3921 prodigia
725 3836 757 3898 in
783 3835 947 3920 publicum
973 3840 1077 3915 neque
1102 3833 1137 3895 in
1163 3832 1290 3894 annales

266 3932 389 4001 referri.
417 3942 557 3996 ceterum
575 3943 607 3994 et
624 3929 702 3993 mihi
717 3938 857 3993 vetustas
872 3950 922 3990 res
940 3924 1090 3990 scribenti
1106 3923 1290 4004 nescioquo
1310 3945 1324 3990 a

267 4039 362 4114 pacto
381 4027 503 4090 anticus
525 4025 561 4089 fit
578 4023 702 4089 animus
720 4033 753 4087 et
775 4021 932 4105 quaedam
950 4018 1060 4103 religio
1084 4028 1184 4092 tenet,
1211 4037 1291 4099 quae

267 4121 315 4186 illi
331 4118 569 4205 prudentissimi
590 4118 650 4182 viri
672 4116 800 4202 publice
819 4111 1020 4197 suscipienda
1039 4111 1231 4185 censuerint,
1253 4133 1292 4173 ea

268 4236 327 4302 pro
359 4212 498 4297 indignis
528 4213 660 4288 habere,
696 4232 779 4293 quae
810 4209 843 4271 in
870 4229 957 4271 meos
990 4204 1120 4268 annales
1147 4203 1291 4267 referam.

320 4314 461 4357 animast.
1115 4302 1130 4351 7
