3384 4975
502 530 620 586 amaa
637 529 798 597 xxxam,
816 527 860 583 aa.
873 526 917 584 ta
936 530 1123 597 [austu]
1201 502 1204 507 ’
1283 513 1325 579 63

296 712 355 775 per
371 689 493 775 legatos
511 709 599 753 meos
617 708 682 751 non
700 687 802 749 solum
819 685 970 761 indicata,
989 685 1047 751 sed
1064 685 1160 750 etiam
1174 694 1327 752 excusata

297 793 372 848 sunt
389 805 485 869 saepe
502 783 536 846 in
554 791 668 845 senatu
679 791 798 868 uestro,
816 779 874 843 ubi
887 779 1010 862 aliquos
1024 800 1086 864 ego
1100 779 1325 866 disceptatores

296 899 361 940 non
380 886 446 940 tam
464 896 584 958 aequos
606 895 704 956 quam
725 883 773 949 te,
795 870 838 952 Q.
856 871 976 950 Marci,
1003 883 1171 956 paternum
1189 873 1325 938 amicum

297 984 330 1035 et
351 969 525 1053 hospitem,
551 965 720 1031 habebam.
765 967 821 1030 sed
842 966 986 1031 nondum
1002 966 1140 1049 Romam
1161 977 1326 1031 accusator
1344 987 1359 1033 5

297 1062 463 1127 Eumenes
480 1071 625 1137 venerat,
648 1060 704 1144 qui
727 1060 951 1125 calumniando
969 1060 1077 1125 omnia
1095 1060 1327 1143 detorquendo·

300 1177 364 1238 que
382 1164 530 1240 suspecta
553 1164 585 1220 et
606 1153 710 1218 invisa
734 1153 875 1220 efficeret
897 1165 930 1221 et
949 1153 1144 1240 persuadere
1165 1153 1257 1218 vobis
1276 1175 1329 1218 co-

297 1260 442 1327 naretur,
463 1271 529 1312 non
549 1270 645 1334 posse
663 1245 835 1314 Graeciam
857 1247 891 1314 in
911 1249 1060 1314 libertate
1078 1270 1148 1315 esse
1167 1259 1200 1314 et
1221 1257 1328 1312 vestro

297 1364 430 1408 munere
447 1342 527 1420 frui,
550 1343 658 1427 quoad
674 1365 811 1428 regnum
827 1341 1040 1408 Macedoniae
1057 1343 1216 1408 incolume
1234 1352 1328 1407 esset.

297 1437 532 1523 circumagetur
548 1437 602 1502 hic
619 1437 705 1502 orbis
710 1461 719 1514 3
738 1438 798 1502 erit
814 1459 890 1505 mox
908 1437 963 1521 qui
981 1447 1112 1523 arguat,
1130 1435 1327 1520 nequiquam
1346 1454 1361 1501 e

297 1531 496 1596 Antiochum
509 1532 594 1596 ultra
606 1532 685 1617 iuga
692 1530 793 1595 Tauri
802 1545 955 1608 emotum,
968 1530 1212 1616 gravioremque
1226 1530 1328 1594 multo

297 1625 397 1690 Asiae
415 1647 512 1709 quam
521 1624 703 1690 Antiochus
717 1625 814 1690 fuerit
821 1625 992 1690 Eumenen
1004 1647 1084 1703 esse,
1102 1622 1327 1708 conquiescere

297 1721 399 1785 socios
416 1731 539 1785 vestros
555 1741 621 1784 non
638 1742 747 1806 posse,
771 1719 879 1803 quoad
896 1720 985 1805 regia
1001 1719 1154 1806 Pergami
1172 1719 1228 1784 sit:
1255 1741 1327 1785 eam

297 1837 404 1879 arcem
435 1837 531 1900 supra
557 1815 663 1900 capita
692 1813 900 1878 finitimarum
927 1813 1103 1879 civitatium
1134 1812 1325 1898 impositam.

297 1929 358 1993 ego
375 1908 465 1982 haec,
484 1906 527 1988 Q.
541 1908 648 1972 Marci
666 1919 697 1972 et
714 1907 758 1971 A.
772 1908 864 1984 Atili,
882 1928 965 1991 quae
983 1919 1039 1972 aut
1056 1931 1075 1972 a
1093 1908 1184 1972 vobis
1203 1907 1327 1972 obiecta
1346 1927 1360 1972 7

297 2012 353 2064 aut
369 2011 508 2085 purgata
526 2023 545 2064 a
562 2023 614 2065 me
632 2010 716 2076 sunt,
734 2000 811 2064 talia
827 2023 898 2065 esse
917 2001 991 2077 scio,
1010 2012 1046 2064 ut
1060 2023 1163 2077 aures,
1181 2011 1218 2064 ut
1231 2001 1327 2065 animi

298 2093 497 2157 audientium
515 2093 588 2169 sint,
605 2114 666 2157 nee
679 2103 746 2156 tam
759 2092 890 2169 referre,
907 2094 985 2176 quid
999 2116 1061 2178 ego
1074 2105 1128 2158 aut
1142 2115 1207 2176 qua
1221 2105 1327 2159 mente

297 2187 429 2252 fecerim
442 2208 539 2269 quam
548 2208 612 2270 quo
621 2187 717 2251 modo
727 2186 762 2249 id
775 2208 834 2250 vos
848 2186 970 2250 factum
983 2186 1154 2271 accipiatis.
1183 2186 1327 2250 conscius
1346 2205 1362 2251 8

296 2280 376 2345 mihi
393 2302 466 2344 sum
479 2280 558 2346 nihil
574 2303 627 2345 me
646 2281 799 2346 scientem
813 2280 985 2364 deliquisse
999 2291 1041 2358 et,
1060 2280 1180 2364 siquid
1196 2280 1327 2345 fecerim

295 2374 500 2459 inprudentia
522 2375 631 2460 lapsus
637 2422 646 2452 ,
674 2374 791 2460 corrigi
811 2384 914 2439 meet
938 2374 1101 2440 emendari
1118 2373 1327 2460 castigatione

297 2468 358 2534 hac
375 2491 478 2554 posse.
506 2469 585 2533 nihil
602 2479 687 2534 certe
704 2468 882 2536 insanabile
899 2492 959 2535 nec
977 2470 1064 2554 quod
1081 2469 1166 2535 bello
1180 2479 1213 2535 et
1230 2468 1326 2534 armis
1346 2489 1359 2536 9

296 2563 555 2649 persequendum
569 2587 638 2629 esse
652 2565 807 2628 censeatis
821 2566 975 2642 commisi,
990 2575 1045 2630 aut
1058 2565 1177 2630 frustra
1190 2565 1327 2629 clemen-

296 2657 360 2721 tiae
378 2656 608 2741 gravitatisque
626 2667 750 2721 vestrae
768 2657 856 2721 fama
872 2660 1002 2743 volgata
1020 2680 1077 2742 per
1093 2669 1205 2742 gentes
1225 2667 1282 2733 est,
1301 2658 1328 2720 si

296 2751 413 2815 talibus
433 2751 473 2815 de
490 2751 611 2828 causis,
635 2772 719 2834 quae
735 2751 791 2815 rix
808 2752 939 2835 querela
957 2762 989 2817 et
1007 2750 1260 2836 expostulatione
1279 2751 1326 2815 di-

296 2868 380 2930 gnae
399 2855 484 2922 eunt,
502 2868 592 2910 arma
610 2844 722 2931 capitis
740 2856 773 2911 et
789 2846 921 2931 regibus
939 2846 1033 2911 sociis
1051 2846 1135 2912 bella
1152 2844 1296 2911 infertis?

361 2939 574 3005 XXXXIH.
601 2942 695 3006 Haec
713 2940 873 3006 dicentem
891 2952 1014 3007 etcum
1031 2941 1170 3007 adsensu
1182 2940 1326 3007 Marcius
1347 2962 1358 3007 1

300 3030 436 3118 [audivit
453 3032 498 3119 et]
515 3045 627 3099 auctor
640 3034 701 3099 fuit
718 3034 865 3101 mittendi
873 3034 1012 3101 Romam
1028 3035 1162 3121 legatos,
1180 3057 1254 3101 cum
1271 3058 1327 3101 ex-

297 3127 448 3211 perienda
465 3129 572 3192 omnia
596 3130 638 3193 ad
659 3131 808 3195 ultimum
825 3153 886 3196 nec
907 3131 1220 3216 praetermittendam
1237 3154 1326 3216 spem

298 3220 397 3284 ullam
414 3221 598 3287 censuisset.
629 3224 752 3308 reliqua
769 3226 959 3291 consultatio
977 3237 1054 3302 erat,
1073 3247 1214 3310 quonam
1231 3225 1326 3289 modo
1346 3246 1361 3291 2

298 3323 403 3378 tutum
420 3315 480 3379 iter
500 3316 615 3401 legatis
637 3329 730 3383 esset.
775 3319 817 3383 ad
837 3319 873 3382 id
893 3317 994 3405 [cum]
1014 3320 1194 3384 necessaria
1215 3317 1327 3404 petitio

297 3407 494 3472 indutiarum
520 3411 695 3487 videretur,
722 3423 916 3498 cuperetque
936 3412 1082 3477 Marcius
1107 3434 1212 3495 neque
1238 3411 1327 3475 aliud

300 3502 469 3584 conloquio
482 3504 623 3585 petisset,
641 3516 773 3588 gravate
783 3515 815 3569 et
828 3506 862 3567 in
876 3528 1027 3588 magnam
1041 3506 1179 3588 gratiam
1191 3504 1326 3587 petentis

300 3593 466 3657 concessit.
509 3595 588 3657 nihil
611 3597 695 3659 enim
717 3597 794 3661 satis
817 3606 966 3679 paratum
984 3596 1025 3659 ad
1046 3597 1167 3660 bellum
1184 3595 1218 3657 in
1234 3617 1327 3680 prae·
1345 3614 1361 3661 3

300 3686 402 3752 sentia
415 3686 578 3751 habebant
586 3688 733 3766 Romani,
751 3710 817 3753 non
829 3688 1014 3764 exercitum,
1032 3710 1097 3752 non
1111 3689 1236 3765 ducem,
1254 3708 1328 3753 cum

298 3782 455 3859 Perseus,
480 3780 515 3845 ni
532 3804 605 3867 spes
623 3805 707 3847 vana
723 3783 813 3868 pacis
830 3794 1031 3849 occaecasset
1050 3782 1194 3859 consilia,
1222 3782 1328 3847 omnia

298 3887 488 3963 praeparata
504 3886 600 3961 atque
616 3876 772 3942 instructa
788 3877 949 3959 [haberet]
967 3888 999 3943 et
1016 3898 1075 3942 suo
1092 3875 1230 3943 maxime
1247 3887 1327 3943 tem-

299 3993 376 4057 pore
394 3982 490 4056 atque
508 3971 612 4036 alieno
629 3971 774 4038 hostibus
791 3972 931 4057 incipere
948 3972 1069 4040 bellum
1086 3982 1203 4058 posset.

363 4066 419 4129 Ab
443 4066 504 4132 hoc
530 4066 698 4151 conloquio
720 4067 784 4132 fide
805 4067 1002 4133 indutiarum
1022 4066 1210 4152 interposita
1230 4066 1328 4153 legati
1345 4090 1362 4135 4

300 4161 437 4227 Romani
454 4161 490 4225 in
505 4162 675 4228 Boeotiam
693 4163 857 4250 conparati
875 4172 959 4227 sunt.
990 4160 1036 4225 ibi
1053 4161 1117 4227 iam
1133 4172 1238 4227 motus
1256 4184 1329 4227 coe·
1346 4182 1364 4228 5

299 4266 391 4339 perat
420 4278 491 4323 esse
524 4257 761 4325 discedentibus
789 4281 809 4323 a
834 4257 985 4324 societate
1012 4257 1188 4322 communis
1215 4255 1328 4321 concili
