3384 4975
343 509 385 576 76
411 496 418 502 “
575 519 692 575 LIBER
710 515 868 587 XXXXII,
888 516 928 570 57.
949 518 1023 585 [au.
1035 530 1056 568 e.
1071 513 1135 583 583]

311 705 324 750 1
407 679 516 745 LVII.
545 676 615 743 Sub
637 676 722 740 idem
741 675 855 740 deinde
877 685 1002 758 tempus
1021 671 1237 738 consiliumet
1259 674 1373 737 consul

311 799 326 844 a
345 786 377 840 ct
390 797 447 839 rex
460 773 648 848 habuerunt,
658 771 744 834 unde
760 769 878 832 bellum
892 768 1080 832 ordirentur.
1106 770 1192 852 regis
1206 779 1375 834 creverant

344 867 442 933 animi
459 866 635 930 vastatione
652 886 803 929 concessa
817 863 878 926 sibi
895 862 936 926 ab
954 862 1045 925 hoste
1053 860 1191 925 Pheraei
1209 860 1293 946 agri3
1311 860 1375 924 ita-

344 984 406 1046 que
428 960 569 1026 eundum
591 960 664 1023 inde
687 958 728 1022 ad
751 968 854 1021 castra
875 976 936 1020 nec
958 956 1100 1035 dandum
1121 957 1205 1020 ultra
1231 955 1373 1040 spatium

311 1077 325 1120 3
344 1054 514 1119 cunctandi
532 1052 713 1118 censebant.
741 1061 773 1115 et
790 1049 927 1116 Romani
946 1049 1118 1114 censebant
1136 1048 1374 1116 cunctationem

344 1169 435 1210 suam
452 1147 605 1210 infamem
619 1155 696 1230 aput
711 1143 812 1207 socios
827 1166 907 1218 esse,
925 1165 1075 1207 maxume
1093 1142 1223 1227 indigne
1241 1141 1374 1210 ferentis

310 1264 325 1308 4
344 1262 408 1304 non
425 1241 522 1306 latam
539 1236 693 1300 Pheraeis
712 1259 814 1320 opem.
860 1237 1124 1312 consultantibus,
1142 1236 1220 1318 quid
1238 1250 1373 1321 agerent

342 1371 387 1380 -
401 1332 533 1396 aderant
550 1341 656 1393 autem
673 1328 837 1392 Eumenes
855 1338 886 1392 et
904 1330 1034 1392 Attalus
1052 1330 1085 1392 in
1104 1330 1237 1394 concilio
1250 1364 1296 1377 -
1308 1340 1372 1394 tre-

344 1427 438 1511 pidus
455 1424 585 1487 nuntius
598 1423 712 1499 adfert,
730 1421 855 1491 hostem
868 1443 986 1506 magno
1001 1422 1127 1507 agmine
1141 1424 1263 1489 adesse.
1296 1446 1372 1488 con-

344 1519 413 1584 silio
432 1519 561 1582 dimisso
585 1517 713 1601 signum
735 1516 894 1601 externplo
918 1516 1027 1593 datur,
1054 1517 1100 1580 uti
1122 1540 1211 1582 arma
1233 1519 1370 1603 capiant.

309 1638 324 1684 5
343 1613 469 1678 interim
491 1613 596 1696 placet
613 1633 653 1674 ex
670 1612 755 1694 regis
774 1608 900 1674 auxiliis
918 1620 1046 1674 centum
1064 1609 1187 1692 equites
1206 1622 1237 1675 et
1259 1634 1370 1696 parem

309 1729 511 1778 enumerum
536 1704 746 1768 iaculatorum
772 1703 916 1788 pediturn
943 1703 1039 1768 exire.
1092 1705 1232 1770 Perseus
1260 1703 1369 1790 [hora]

343 1803 443 1864 ferme
461 1799 523 1862 diei
542 1809 665 1882 quarta,
684 1821 757 1862 cum
774 1798 870 1882 paulo
883 1798 956 1881 plus
974 1796 1060 1877 mille
1077 1820 1190 1882 passus
1206 1799 1331 1863 abesset
1349 1822 1370 1863 a

344 1894 455 1959 eastris
472 1893 641 1969 Romanis,
665 1893 837 1956 consistere
855 1891 947 1976 signa
971 1892 1115 1976 peditum
1133 1893 1234 1957 iussit.
1277 1915 1370 1977 prae-

342 2010 471 2072 gressus
485 1987 554 2071 ipse
568 2000 642 2051 cur'n
657 1985 817 2070 equitibus
832 2007 870 2049 ac
883 1986 947 2050 levi
960 1996 1129 2063 armatura,
1140 1998 1172 2051 et
1181 1985 1281 2070 Cotys
1295 2007 1369 2049 cum

310 2109 322 2152 7
343 2103 381 2146 eo
409 2081 571 2164 ducesque
597 2081 731 2161 aliorum
754 2080 944 2143 auxiliordm
970 2092 1220 2163 praecesserunt.
1264 2079 1370 2143 minus

342 2174 533 2260 quingentos
554 2196 668 2259 passus
691 2175 733 2238 ab
751 2174 863 2238 castris
880 2174 1028 2251 aberant,
1056 2196 1128 2238 oum
1146 2174 1179 2238 in
1197 2187 1370 2259 conspectu

342 2269 432 2334 fuere
453 2268 593 2332 hostium
615 2268 753 2351 equites3
781 2268 864 2332 duae
885 2268 955 2331 alae
973 2278 1063 2332 erant
1085 2290 1203 2352 magna
1221 2291 1261 2332 ex
1279 2279 1369 2353 parte

344 2362 526 2439 Gallorum,
545 2360 755 2446 Cassignatus
772 2371 933 2446 praeerat,
952 2372 983 2425 et
1000 2360 1080 2425 levis
1098 2373 1277 2427 armaturae
1296 2384 1369 2426 cen-

309 2467 411 2528 atum
429 2455 496 2520 fere
519 2465 551 2520 et
572 2454 804 2540 quinquaginta
820 2454 910 2539 Mysi
932 2465 988 2520 aut
1007 2452 1184 2521 Cretenses.
1230 2456 1370 2521 constitit

341 2574 399 2615 rex
416 2550 565 2627 incertus,
584 2559 703 2633 quanta
717 2561 800 2614 esset
810 2549 964 2636 [hostium
978 2547 1176 2634 multitudo}
1199 2550 1279 2614 duas
1293 2551 1368 2615 inde

343 2668 384 2709 ex
402 2645 530 2731 agmine
547 2654 668 2709 turmas
678 2644 849 2721 Threcum,
869 2645 948 2708 duas
958 2644 1175 2708 Macedonum
1194 2666 1267 2708 cum
1284 2644 1368 2708 binis

309 2762 323 2808 9
344 2736 546 2803 Cretensium
564 2738 746 2803 cohortibus
764 2749 796 2804 et
812 2737 973 2803 Threcum
990 2736 1085 2800 misit.
1112 2738 1277 2821 proelium,
1295 2760 1369 2801 cum

342 2855 435 2916 pares
461 2854 593 2895 numero
618 2844 724 2897 essent
743 2854 848 2915 neque
871 2831 912 2896 ab
935 2831 997 2894 hac
1020 2841 1076 2895 aut
1097 2831 1152 2895 illa
1173 2842 1263 2917 parte
1284 2855 1369 2897 nova

343 2927 461 2989 auxilia
474 2926 689 3003 subvenirent,
707 2927 828 2991 incerta
842 2927 975 2991 victoria
988 2926 1113 2990 finitum
1127 2939 1184 2991 est.
1212 2926 1367 2992 Eumenis

343 3022 443 3086 ferme
460 3019 591 3105 triginta
608 3021 774 3099 interfecti,
792 3021 876 3087 inter
893 3043 972 3105 quos
984 3019 1193 3107 Cassignatus
1213 3022 1278 3085 dux
1289 3020 1369 3087 Gal·

342 3116 447 3179 lorum
473 3114 595 3178 cecidit.
644 3125 676 3179 et
701 3126 779 3180 tunc
805 3116 935 3199 quidem
960 3115 1099 3181 Perseus
1126 3115 1167 3179 ad
1196 3114 1368 3181 Sucurium

293 3232 324 3277 10
343 3209 450 3294 copias
468 3208 604 3273 reduxit.
639 3220 766 3294 postero
785 3211 836 3275 die
855 3211 939 3275 circa
956 3212 1092 3277 eandem
1109 3210 1221 3275 horam
1237 3211 1271 3274 in
1289 3233 1367 3275 eun·

343 3304 416 3367 dem
441 3302 548 3366 locum
569 3324 627 3367 rex
649 3305 756 3387 copias
779 3304 920 3368 admovit
942 3305 1093 3389 plaustris
1115 3328 1188 3369 oum
1211 3326 1295 3386 aqua
1317 3326 1368 3367 se-

342 3395 526 3480 quentibus3
552 3418 628 3459 nam
650 3397 819 3461 duodecim
840 3398 963 3462 milium
984 3422 1138 3484 passuum
1161 3394 1243 3484 [via]
1262 3395 1364 3459 omnis

343 3492 410 3555 sine
433 3511 517 3574 aqua
539 3500 571 3557 et
592 3490 721 3575 plurimi
742 3491 883 3577 pulveris
906 3503 988 3570 erat,
1017 3494 1224 3574 adfectosque
1247 3488 1312 3565 siti,
1339 3492 1368 3552 si

341 3585 445 3668 primo
463 3585 497 3649 in
514 3595 687 3670 conspectu
703 3582 919 3660 dimicassent,
935 3594 1133 3670 pugnaturos
1152 3584 1250 3649 fuisse
1268 3606 1368 3669 appa-

293 3698 323 3743 11
343 3678 441 3742 rebat.
496 3700 570 3743 oum
596 3678 735 3744 Romani
761 3678 922 3763 quiessent
948 3678 1136 3743 stationibus
1164 3681 1258 3743 etiarn
1285 3678 1369 3743 intra

342 3772 462 3835 vallum
480 3772 630 3849 reductis,
647 3774 717 3857 regi
734 3792 861 3856 quoque
879 3773 913 3837 in
931 3780 1035 3836 castra
1051 3772 1195 3837 redeunt.
1232 3772 1293 3836 hoc
1311 3792 1368 3857 per

343 3862 464 3945 aliquot
485 3865 552 3929 dies
574 3866 732 3942 fecerunt,
759 3876 923 3951 sperantes
944 3864 1013 3928 fore
1031 3875 1068 3927 ut
1084 3865 1222 3930 Romani
1244 3866 1368 3951 equites

292 3974 325 4020 12
344 3952 528 4021 abeuntium
550 3958 759 4023 novissimum
776 3982 893 4045 agmen
916 3958 1177 4041 adgrederentur:
1206 3960 1281 4025 inde
1299 3982 1368 4024 cer·

343 4048 460 4111 tamine
477 4063 545 4116 orto
560 4052 665 4140 [cum]
678 4054 805 4140 longius
819 4078 839 4119 a
853 4051 963 4117 castris
978 4073 1032 4116 eos
1051 4054 1242 4131 elicuissent,
1260 4056 1366 4130 facile,

344 4140 455 4206 ubiubi
472 4158 586 4221 essent,
605 4170 650 4224 se,
667 4148 723 4231 qui
740 4148 884 4232 equitatu
901 4158 933 4211 et
949 4145 1012 4209 levi
1027 4158 1187 4210 armatura
1202 4148 1275 4232 plus
1292 4170 1369 4234 pos-

343 4245 423 4311 sent,
440 4256 647 4303 conversuros
666 4242 776 4307 aciem.
