3384 4975
342 504 405 572 150
559 512 677 568 arana
694 510 882 579 xxxxrur,
901 509 943 563 46.
964 508 1147 576 [anemo]

341 673 504 741 Meliboea
527 694 547 735 a
570 667 631 735 Cn.
652 666 788 732 Octavio
811 665 934 750 capitur
956 663 1181 749 diripiturque}
1202 666 1245 730 ad
1266 667 1377 755 Aegi-

341 769 441 845 nium,
459 766 500 830 ad
518 764 604 848 quod
623 760 874 847 oppugnandum
885 757 946 823 Cn.
957 760 1091 824 Anicius
1110 761 1234 844 legatus
1250 761 1373 829 missus

343 873 419 938 erat,
439 858 566 924 ducenti
584 857 749 941 eruptione
767 877 808 919 cx
821 854 939 939 oppido
957 853 1042 918 facta
1060 854 1168 917 amissi
1186 856 1375 942 suntigna-

308 977 325 1024 4
341 955 384 1020 ris
402 952 652 1039 Aeginiensibus
669 949 864 1014 debellatum
882 969 961 1014 esse.
994 949 1105 1012 consul
1123 972 1143 1012 a
1158 948 1277 1032 Pydna
1295 974 1374 1036 pro-

233 1038 235 1045 ’
341 1049 444 1114 fectus
467 1069 541 1111 cum
563 1056 630 1110 toto
654 1044 795 1109 exercitu
818 1042 870 1106 die
893 1042 992 1107 altero
1009 1041 1135 1106 Pedem
1152 1044 1316 1128 pervenit3
1341 1050 1373 1112 et

342 1166 413 1207 cum
433 1151 537 1206 castra
553 1140 639 1204 mille
657 1159 771 1223 passus
788 1137 864 1202 inde
881 1136 1054 1221 posuisset,
1080 1158 1137 1222 per
1160 1138 1282 1220 aliquot
1302 1139 1372 1207 dies

340 1237 386 1302 ibi
403 1236 519 1300 stativa
535 1233 662 1310 habuit,
686 1231 783 1296 situm
800 1231 887 1295 urbis
910 1232 1052 1320 undique
1075 1230 1247 1314 aspiciens,
1270 1254 1371 1317 quam

307 1351 406 1398 anon
429 1329 496 1394 sine
520 1350 617 1392 causa
639 1327 795 1392 delectam
813 1347 883 1390 esse
905 1325 1027 1409 regiam
1051 1325 1196 1389 advertit.
1242 1327 1304 1391 sita
1322 1341 1372 1393 est

342 1424 376 1491 iu
407 1423 530 1487 tumulo
556 1430 707 1505 vergente
731 1421 766 1483 in
792 1419 990 1484 occidentem
1019 1418 1203 1496 hibernum3
1235 1420 1371 1506 cingunt

341 1517 473 1603 paludes
491 1514 754 1600 inexsuperabilis
773 1514 947 1579 altitudinis
966 1524 1085 1578 aestate
1104 1525 1136 1578 et
1152 1513 1267 1590 hieme,
1287 1540 1369 1600 quas

307 1629 323 1678 6
341 1621 559 1696 restagnantes
577 1609 698 1673 faciunt
708 1606 844 1693 [amnes.
871 1605 943 1692 arx]
953 1607 1082 1672 Phacus
1100 1608 1135 1673 in
1153 1609 1221 1693 ipsa
1239 1611 1370 1695 palude,

341 1727 405 1790 qua
422 1703 567 1789 proxima
589 1702 663 1766 urbi
680 1714 741 1779 est,
764 1704 852 1767 velut
873 1702 976 1766 insula
994 1702 1112 1767 eminet
1134 1704 1244 1788 aggeri
1264 1708 1370 1790 operis

340 1799 479 1884 ingentis
496 1797 660 1883 imposita,
687 1797 742 1880 qui
760 1808 792 1862 et
808 1818 938 1862 murum
956 1798 1110 1862 sustineat
1129 1808 1161 1862 et
1179 1821 1290 1866 umore
1309 1801 1371 1864 cir·

308 1893 506 1958 tcumfusae
527 1891 653 1976 paludis
675 1890 753 1954 nihil
774 1891 930 1956 laedatur.
974 1914 1065 1956 muro
1087 1892 1175 1956 urbis
1199 1893 1371 1958 coniuncta

340 1987 451 2071 procul
466 1986 604 2061 videtur3
624 1984 725 2048 divisa
734 1997 783 2049 est
795 1984 993 2049 intermurali
1002 1986 1088 2049 amni
1103 1997 1135 2050 et
1145 1987 1257 2063 eadem
1271 1998 1370 2071 ponte

340 2081 463 2157 iuncta,
487 2089 524 2143 ut
540 2101 600 2143 nec
617 2089 822 2164 oppugnante
841 2091 972 2143 externo
991 2081 1112 2143 aditum
1135 2081 1175 2143 ab
1194 2082 1260 2145 ulla
1278 2092 1370 2166 parte

339 2173 466 2249 habeat,
484 2196 544 2238 nec
558 2174 584 2237 si
598 2195 693 2256 quem
706 2173 752 2236 ibi
765 2196 822 2238 rex
839 2173 992 2251 includat,
1011 2175 1112 2238 ullum
1129 2174 1190 2238 nisi
1207 2197 1265 2258 per
1280 2174 1372 2241 facil-

308 2286 324 2333 8
342 2268 437 2332 limae
460 2267 623 2332 custodiae
644 2278 774 2352 pontem
797 2267 963 2352 effugium.
1008 2279 1040 2331 et
1062 2290 1144 2352 gaza
1167 2268 1256 2353 regia
1278 2269 1312 2332 in
1332 2291 1371 2335 eo

340 2361 411 2424 loco
433 2371 514 2424 erat:
543 2360 600 2423 sed
626 2371 695 2424 tum
716 2361 795 2424 nihil
817 2371 943 2445 praeter
964 2371 1105 2426 trecenta
1127 2362 1261 2440 talenta,
1284 2384 1371 2445 quac

340 2454 437 2518 missa
456 2451 574 2518 Gentio
593 2453 675 2537 regi,
694 2454 809 2518 deinde
827 2465 950 2521 retenta
967 2455 1107 2531 fuerant,
1126 2455 1292 2521 inventum
1310 2469 1370 2522 est.

308 2565 323 2613 9
342 2570 400 2633 per
416 2569 496 2631 quos
519 2546 585 2612 dies
608 2547 649 2611 ad
666 2548 791 2613 Pellam
809 2550 925 2615 stativa
942 2550 1086 2626 fuerunt,
1110 2552 1286 2636 legationes
1305 2550 1371 2616 fre·

342 2653 490 2725 quentes,
514 2664 597 2725 quae
615 2641 656 2705 ad
673 2644 900 2727 gratulandum
917 2655 1145 2721 convenerant,
1169 2644 1308 2709 maxime
1329 2668 1370 2709 ex

292 2753 324 2800 10
341 2736 521 2812 Thessalia,
548 2736 675 2800 auditae
698 2748 781 2801 sunt.
825 2738 936 2801 nuntio
962 2738 1075 2801 deinde
1098 2751 1228 2822 accepto
1246 2739 1371 2803 Persea

342 2827 583 2894 Samothracam
601 2829 771 2906 traiecisse,
790 2832 951 2915 profectus
970 2855 990 2895 a
1006 2831 1099 2896 Pella
1117 2833 1227 2896 consul
1245 2835 1370 2916 quartis

292 2939 323 2987 11
343 2924 452 2985 castris
462 2922 683 3006 Amphipolim
700 2925 855 3007 pervenit.
883 2925 986 2989 effusa
1004 2926 1105 2989 omnis
1125 2926 1252 2991 obviam
1271 2927 1369 2990 turba
1411 2993 1413 2998 ,

342 3014 442 3077 cuivis
460 3014 576 3078 indicio
596 3026 663 3079 erat
679 3038 744 3080 non
761 3016 845 3081 bono
864 3040 902 3082 ac
919 3018 1003 3083 iusto
1020 3042 1096 3104 rege
1115 3020 1193 3084 orba
1207 3015 1312 3105 [....]

749 3199 958 3209 ———.-.

599 3345 805 3416 [PERIOCHA
822 3346 930 3402 LIBRI
945 3350 1110 3415 XXXXV.]

394 3481 525 3550 [Perseus
535 3482 571 3536 ab
580 3483 701 3537 Aemilio
710 3484 800 3537 Paulo
809 3485 838 3538 in
849 3484 1028 3542 Samothrace
1039 3492 1137 3557 captus
1148 3491 1198 3541 cst.
1235 3504 1300 3541 oum
1308 3490 1367 3544 An·

340 3559 449 3614 tiochus
460 3558 557 3630 Syriae
570 3578 619 3616 rex
627 3560 821 3617 Ptolemaeum
834 3568 864 3617 et
873 3563 1050 3635 Cleopatram
1058 3565 1185 3635 Aegypti
1198 3581 1280 3635 reges
1295 3566 1369 3620 obsi-

341 3637 421 3692 deret
434 3643 463 3691 et
475 3638 566 3691 missis
581 3639 618 3693 ad
632 3656 695 3693 eum
705 3656 722 3693 a
731 3644 830 3694 senatu
844 3641 953 3712 legatis,
973 3642 1021 3712 qui
1032 3642 1162 3696 iuberent
1176 3642 1211 3695 ab
1222 3642 1370 3697 obsidione

341 3713 409 3767 socii
421 3714 497 3784 regis
512 3714 673 3784 absisteret,
693 3716 830 3787 editisque
844 3719 984 3773 mandatis
998 3719 1236 3773 consideraturum
1251 3737 1280 3775 se
1301 3721 1369 3790 quid

339 3788 500 3844 faciendum
510 3797 583 3845 esset
591 3793 791 3863 respondisset,
800 3812 872 3849 unus
883 3812 916 3850 ex
924 3794 1025 3865 legatis
1035 3794 1173 3864 Popillius
1182 3797 1262 3867 virga
1270 3814 1368 3868 regem

340 3866 556 3937 circumscripsit
568 3868 713 3938 iussitque,
733 3876 884 3940 antequam
902 3871 1004 3926 circulo
1024 3874 1182 3942 excederet,
1203 3889 1368 3944 responsum

341 3941 430 3997 daret
454 3946 670 4015 quaasperitate
681 3946 782 4015 effecit,
797 3953 829 4001 ut
837 3948 993 4001 Antiochus
1002 3947 1107 4003 bellum
1117 3951 1265 4005 omitteret.
1289 3951 1368 4021 lega-

340 4015 432 4069 tiones
442 4022 642 4089 grabrlantium
656 4023 822 4092 populorum
836 4029 921 4094 atque
934 4026 1070 4095 regumin
1080 4033 1208 4081 senatum
1218 4026 1367 4096 admissae,

340 4088 519 4164 Rhodiorum,
535 4099 582 4184 qui
592 4115 625 4154 eo
633 4099 708 4154 bello
718 4106 816 4156 eontra
823 4100 957 4173 populum
965 4100 1121 4157 Romanum
1131 4103 1217 4174 [regi]
1228 4104 1366 4173 faverant,

341 4165 461 4238 exclusa.
478 4180 592 4238 postera
601 4176 646 4231 die
657 4194 719 4231 oum
729 4178 764 4232 de
774 4194 807 4233 eo
817 4182 1005 4249 quaereretur,
1024 4186 1057 4233 ut
1066 4180 1106 4234 eis
1115 4179 1221 4235 bellum
1229 4180 1367 4236 indicere-

339 4245 394 4313 tar,
413 4259 525 4300 oausam
539 4251 568 4304 in
582 4258 681 4308 senatu
693 4255 803 4323 patriae
817 4271 884 4309 suae
893 4253 982 4325 legati
995 4262 1121 4329 egerunt.
1156 4273 1210 4313 nce
1222 4262 1368 4329 tamquam
