3384 4975
400 526 462 590 198
553 531 772 589 PERIOCHAE
790 526 994 584 LIBRORUM
1011 527 1131 584 XLVII.
1149 526 1285 583 XLVIII.

398 675 452 730 His
474 670 713 728 anirebcllabant.
731 669 820 740 legati
830 668 867 722 ad
877 645 1171 748 disceptanduminter
1180 664 1431 746 Carthaginienses

400 749 429 798 et
469 740 615 796 asinissam
628 738 703 793 missi
717 737 928 805 nuntiaverunt,
943 753 999 789 vnn
1007 735 1115 789 navalis
1125 739 1261 789 materiae
1271 752 1300 789 se
1311 735 1430 793 Cartha·

399 812 465 882 gine
475 808 700 889 deprehendisse.
719 806 827 877 aliquot
834 810 980 877 praetores
991 820 1008 858 a
1016 803 1166 874 provinciis
1176 803 1430 861 avaritiaenomiue

400 882 524 933 accusatr
534 875 660 931 damnati
669 879 743 929 sunt.

805 955 844 995 ux
854 954 910 994 ma.
921 953 1020 994 xuvm.

450 1013 583 1068 Lustrum
597 1031 614 1068 a
627 1012 788 1068 censoribus
806 1011 949 1066 conditum
968 1015 1023 1066 eat:
1041 1027 1125 1065 censa
1140 1014 1204 1063 sunt
1218 1009 1318 1064 civium
1333 1011 1430 1083 capita

400 1088 526 1139 trecenta
533 1080 633 1154 viginti
642 1087 773 1151 quattuor
780 1080 867 1134 milia.
886 1078 1428 1135 seminatertiibelliPunicireferuntur.

401 1167 465 1205 cum
486 1151 516 1204 in
537 1149 640 1206 linibus
663 1148 937 1220 Carthaginensium
962 1148 1062 1219 ingens
1085 1146 1268 1203 Numidarum
1290 1149 1430 1209 exercitus

401 1219 472 1275 duce
480 1217 671 1272 Ariobarzane
681 1216 819 1288 Syphacis
831 1221 934 1286 nepote
944 1215 1083 1270 diceretur
1092 1232 1166 1283 esse,
1182 1214 1219 1268 M.
1229 1214 1345 1270 Porcius
1356 1217 1428 1273 Cato

400 1287 501 1355 suasit,
518 1292 548 1341 ut
557 1284 662 1340 Cartha
683 1285 849 1354 iniensibus,
861 1284 912 1364 qui
922 1285 1070 1364 exereitum
1086 1283 1180 1405 spepie
1190 1288 1287 1337 contra
1298 1283 1429 1365 Masinis·

339 1483 341 1487 ,
400 1360 795 1479 assistricibus}
808 1350 1096 1476 tiliaciis}
1108 1351 1429 1498 ,tribuebuat

400 1491 614 1564 Carthaginem,
630 1489 678 1561 qui
692 1489 915 1560 specularentur,
931 1487 998 1559 quid
1012 1493 1152 1559 ageretur.
1179 1493 1317 1558 castigato
1327 1495 1430 1544 senatu

401 1558 686 1631 Carthaginiensium,
710 1559 785 1627 quod
805 1563 904 1612 contra
924 1556 1024 1611 foedus
1047 1560 1076 1611 et
1098 1555 1248 1611 exercitum
1266 1561 1295 1611 et
1312 1559 1428 1613 navales

401 1627 532 1682 materias
541 1626 686 1694 haberent,
695 1643 795 1696 pacem
803 1626 877 1681 inter
886 1642 934 1680 eos
943 1631 972 1680 et
982 1623 1158 1678 Masinissam
1167 1624 1261 1679 facere
1270 1624 1427 1696 voluerunt,

400 1696 551 1750 Masinissa
567 1711 650 1766 agro,
669 1694 705 1750 de
723 1710 778 1764 quo
794 1694 830 1748 lis
844 1698 919 1762 erat,
938 1694 1064 1749 cedente.
1091 1693 1139 1748 sed
1154 1691 1242 1764 Gisgo
1257 1692 1428 1749 Hamilcaris

401 1763 489 1832 filius,
507 1764 590 1818 homo
608 1763 769 1831 seditiosus,
789 1761 909 1832 quitum
923 1761 1129 1834 inmagistratu
1142 1767 1215 1830 erat,
1235 1779 1298 1816 cum
1313 1769 1428 1818 senatus

422 1833 554 1887 ariturum
578 1847 608 1886 se
630 1830 732 1885 iudicio
754 1830 857 1903 legatis
880 1830 1007 1898 dixisset,
1030 1830 1071 1885 ita
1094 1830 1244 1885 concitavit
1265 1831 1428 1900 [populum]

400 1852 505 1955 bellum
519 1900 652 1954 adversus
664 1898 805 1954 Romanos
818 1898 970 1967 suadendo,
986 1904 1018 1954 ut
1030 1898 1152 1970 legatos,
1168 1915 1223 1969 quo
1236 1897 1328 1952 minus
1340 1899 1427 1955 riola·

400 1974 510 2049 rentur²
523 1968 594 2048 fuga
608 1967 779 2050 explicuerit.
804 1967 834 2020 id
845 1967 1007 2022 nuntiantes
1016 1967 1148 2020 infestum
1157 1967 1213 2020 iam
1223 1972 1350 2021 senatum
1360 1967 1427 2022 Car·

401 2036 626 2108 thagimensrbus
640 2034 811 2090 infestiorem
824 2034 961 2090 fecerunt.
987 2033 1025 2087 M.
1035 2034 1151 2088 Porcius
1161 2033 1230 2088 Cato
1245 2034 1330 2089 funus
1339 2035 1428 2090 liliiin

401 2110 534 2175 praetura
541 2104 643 2158 mortui
651 2104 822 2172 tenuissimo,
831 2109 864 2158 ut
870 2103 1072 2184 potuit-nam
1081 2119 1189 2173 pauper
1198 2107 1305 2172 erat-—,
1316 2110 1428 2184 sumptu

401 2173 477 2228 fecit.
505 2173 669 2240 Andriscus,
686 2172 733 2242 qui
743 2171 984 2239 sePerserfilium,
998 2170 1223 2242 regisquondam
1233 2171 1426 2251 Macedoniae,

304 2280 310 2297 2
401 2242 510 2312 ingenti
533 2240 743 2296 adseveratione
764 2240 941 2308 mentiretur,
959 2239 1078 2294 Romam
1099 2240 1207 2294 missus.
1234 2238 1271 2292 M.
1288 2240 1427 2294 Aemihus

402 2309 539 2378 Lepidus,
559 2310 606 2379 qui
619 2309 748 2379 princeps
762 2314 876 2363 senatus
891 2308 975 2363 sextis
988 2307 1044 2362 iam
1058 2308 1219 2363 censoribus
1230 2308 1330 2375 lectus,
1346 2313 1426 2361 ante·

402 2395 486 2446 quam
504 2378 655 2447 expiraret,
672 2393 774 2446 praece
795 2377 817 2430 it
833 2374 913 2445 filiis,
931 2376 1005 2431 lecto
1024 2382 1155 2431 castrato
1170 2375 1347 2442 sinelinteis,
1363 2375 1426 2430 sine

402 2460 525 2515 purpura
539 2444 681 2514 efferrent,
696 2444 725 2499 in
737 2393 853 2500 relicum
867 2444 951 2499 funus
964 2462 1000 2499 ne
1014 2444 1077 2515 plus
1092 2461 1175 2516 quam
1185 2445 1256 2500 aeris
1265 2444 1349 2499 decus
1359 2460 1426 2499 con-

402 2518 554 2568 sumerent:
572 2513 724 2585 imaginum
738 2514 844 2583 specie,
860 2529 916 2568 non
930 2514 1087 2584 sumptibus
1099 2513 1241 2569 nobilitari
1261 2530 1307 2572 ma
1347 2529 1427 2567 orum

400 2582 520 2636 virorum
530 2582 737 2637 funerasolere.
757 2582 792 2637 de
801 2581 944 2637 veneficiis
954 2582 1118 2652 quaesitum.
1136 2582 1299 2637 Publiciaet
1330 2581 1425 2651 icinia,

400 2650 510 2706 nobiles
518 2650 728 2720 feminae,quae
737 2650 810 2705 viros
819 2667 884 2705 suos
894 2652 1176 2707 consularesnecasse
1185 2649 1425 2719 insimulabantuu,

401 2720 515 2792 cognita
528 2737 626 2788 causa,
642 2736 705 2774 cum
717 2719 841 2789 praetori
853 2720 971 2790 praedes
980 2720 1066 2775 vades
1075 2718 1229 2788 dedissent,
1244 2725 1427 2790 cognatorum

401 2788 512 2844 decreto
530 2793 648 2844 necatae
666 2793 738 2841 sunt
770 2786 893 2843 Gulussa
910 2788 1075 2844 Masinissae
1092 2786 1166 2841 filius
1183 2787 1333 2855 nuntiavit,
1359 2786 1426 2842 Car-

400 2856 516 2925 thagine
531 2856 649 2911 dilectus
659 2856 720 2926 agi,
735 2856 853 2910 classem
862 2857 1010 2928 conparari
1019 2856 1131 2911 ethaud
1141 2854 1225 2909 dubie
1234 2854 1338 2910 bellum
1348 2855 1427 2909 strui.

401 2939 464 2976 cum
474 2922 545 2977 Cato
559 2923 702 2992 suaderet,
717 2928 749 2976 ut
762 2924 802 2978 eis
816 2923 922 2979 bellum
935 2925 1115 2993 indIceretur,
1129 2924 1162 2977 P.
1177 2923 1306 2978 Cornelio
1321 2923 1427 2980 Nasica

402 2990 512 3045 dicente
526 2991 596 3045 nihil
608 2996 712 3046 temere
721 2989 896 3062 iaciendum,
932 2993 1018 3047 lacuit
1026 2992 1123 3046 decem
1131 2991 1241 3063 legatos
1250 2990 1322 3045 mitti
1331 2992 1426 3061 explo-

401 3062 500 3111 ratum.
526 3058 561 3111 L.
571 3058 696 3112 Licinius
709 3058 859 3129 Lucullus,
873 3061 909 3114 A.
944 3060 1077 3115 ostumius
1086 3060 1207 3114 Albinus
1222 3060 1349 3114 consules
1363 3077 1427 3114 cum

402 3126 534 3179 dilectum
556 3142 651 3181 severe
672 3133 789 3197 agerent
810 3145 864 3183 nec
881 3144 1048 3209 quemquam
1064 3128 1158 3199 gratia
1181 3128 1364 3196 dimitterent,
1389 3128 1427 3182 ab

401 3193 520 3249 tribunis
541 3194 646 3265 plebis,
670 3195 718 3264 qui
739 3212 790 3266 pro
814 3197 910 3252 amicis
932 3213 990 3251 suis
1011 3196 1185 3252 vacationem
1203 3196 1351 3267 impetrare
1369 3211 1427 3250 non

400 3267 543 3333 poterant,
564 3263 594 3316 in
616 3279 755 3319 carcerem
777 3265 897 3320 coniecti
919 3270 990 3319 sunt.
1027 3282 1089 3320 cum
1112 3266 1299 3337 Hispaniense
1320 3264 1428 3319 bellum

400 3347 499 3401 parum
507 3348 638 3402 prospere
649 3331 816 3402 aliquotiens
825 3338 935 3415 gestum
944 3335 984 3389 ita
994 3334 1165 3389 confudisset
1174 3334 1313 3389 civitatem
1323 3332 1427 3386 Roma-

401 3418 479 3468 nam,
493 3406 575 3455 utne
590 3402 616 3455 ei
649 3401 741 3455 uidem
750 3402 954 3473 invemrentur,
970 3403 1018 3474 qui
1028 3408 1077 3458 aut
1084 3403 1257 3458 tribunatum
1266 3401 1428 3471 exciperent

401 3474 451 3525 aut
464 3469 551 3542 legati
564 3470 604 3524 ire
612 3417 729 3538 vblent,
744 3471 776 3524 Ρ.
787 3471 933 3527 Cornelius
941 3473 1116 3528 Aemilianus
1125 3470 1274 3542 processit,
1289 3476 1319 3524 et
1327 3486 1427 3540 excep·

400 3545 493 3593 turum
511 3556 542 3593 se
558 3538 675 3593 militiae
694 3556 783 3610 genus
820 3541 995 3612 uodcumque
1013 3543 1179 3611 imperatum
1198 3544 1271 3593 esset
1304 3537 1428 3592 rofessus

401 3612 457 3675 est,
469 3623 531 3728 ¹ppuo
540 3624 618 3662 exem
639 3607 666 3661 lo
676 3624 772 3687 omnes
782 3556 820 3662 al
828 3609 949 3664 studium
959 3609 1098 3665 militandi
1106 3608 1264 3663 concitavit.
1317 3606 1428 3660 uculluc

401 3693 468 3730 cons
504 3692 589 3744 ,cum
638 3675 736 3729 aud1us
749 3676 899 3732 Marcellus
928 3680 987 3743 cui]
1001 3683 1174 3733 successerat
1201 3692 1317 3746 pacasse
1331 3690 1429 3729 omnes

401 3743 568 3799 Celtiberiae
602 3744 701 3814 opulos
714 3744 867 3814 videretur,
882 3745 1028 3801 Vaccaeos
1042 3750 1070 3799 et
1085 3744 1243 3800 Cantabros
1256 3749 1285 3798 et
1298 3743 1370 3797 alias
1384 3742 1427 3796 in·

400 3811 527 3882 cognitas
542 3761 633 3866 adbuc
646 3817 746 3882 gentes
755 3811 933 3884 inHispania
947 3811 1065 3884 subegit.
1092 3813 1132 3867 ibi
1142 3814 1175 3869 P.
1186 3812 1331 3869 Cornelius
1340 3810 1428 3882 (Afri-

400 3879 498 3949 canus)
513 3878 606 3948 Scipio
616 3878 803 3948 Aemilianus,
818 3880 852 3934 L.
863 3880 944 3935 Pauli
954 3878 1041 3948 lilius,
1055 3881 1183 3938 Africani
1192 3898 1293 3953 nepos,
1308 3886 1352 3934 set
1361 3879 1429 3933 ado·

400 3946 504 4014 ptivus,
528 3953 738 4016 provocatorem
759 3947 909 4003 barbarum
930 3947 1058 4002 tribunus
1075 3950 1194 4004 militum
1218 3949 1320 4006 occidit
1347 3952 1376 4003 et
1397 3946 1429 4001 in

400 4015 607 4094 expugnatipne
616 4014 876 4097 Intercatiaenurbis
889 4016 978 4097 maius
993 4015 1078 4097 etiam
1090 4019 1246 4087 periculum
1261 4018 1345 4085 adiit;
1362 4032 1430 4071 nam

400 4082 1430 4224 affluitiihtalassthillethhiltuiibffrli

399 4213 671 4295 Carthaginiensium
681 4226 710 4275 et
719 4220 1012 4276 CulussaMasinissae
1020 4218 1080 4275 filio
1089 4224 1227 4278 redissent
1236 4224 1428 4294 dicerentque,

400 4288 430 4339 et
446 4288 596 4339 exercitum
614 4304 644 4341 se
662 4294 692 4343 et
709 4289 827 4343 classem
844 4288 1015 4360 Carthagine
1033 4290 1262 4361 deprehendisse,
1281 4292 1429 4363 perrogari
