3384 4975
334 506 380 570 50
531 515 649 571 LIBER
665 515 824 581 mxu,
842 515 887 568 28.
906 515 1161 584 ζιιιαόἓ.5ᾶ3]

303 700 316 746 1
400 672 570 740 XXVIII.
587 667 1367 756 ExitupropeanniC.PopilliusconsulRomam

335 769 429 835 rediit
441 769 604 850 aliquanto
613 765 715 830 serius
723 786 822 848 quam
830 761 994 851 [senatus]
1003 780 1180 841 censuerat,
1192 768 1246 830 cui
1258 769 1368 854 primo

335 885 464 946 quoque
481 875 623 945 tempore
638 861 845 944 magistratus
867 859 984 934 creari,
1005 880 1080 922 cum
1096 870 1221 925 tantum
1241 861 1368 928 bellum

305 982 319 1028 2
336 958 524 1032 immineret,
541 978 560 1020 e
575 977 612 1020 re
628 954 759 1040 publiea
774 954 881 1017 visum
897 968 976 1018 erat.
1005 953 1115 1038 itaque
1130 977 1197 1018 non
1213 957 1367 1022 secundis

337 1051 466 1115 aursstus
482 1064 611 1136 patrum
628 1049 757 1113 auditus
774 1059 823 1113 est
840 1049 962 1124 consul,
979 1069 1054 1112 cum
1070 1049 1367 1118 inaedeBellonae

303 1170 317 1212 ν,
336 1147 377 1210 de
397 1145 493 1209 rebus
513 1145 549 1208 in
565 1143 743 1229 Liguribus
766 1143 865 1228 gestis
887 1142 1064 1207 dissereret.
1099 1143 1366 1210 succlamationes

335 1239 517 1321 frequentes
545 1250 636 1302 erant
660 1237 1003 1321 interrogationesque‚
1029 1258 1087 1301 cnr
1112 1239 1231 1303 scelere
1255 1239 1368 1304 fratris

302 1358 318 1401 i
336 1354 506 1418 oppressos
523 1331 663 1416 Ligures
680 1331 715 1394 iu
730 1331 911 1394 hbertatem
927 1352 993 1394 non
1008 1332 1208 1397 restituisset.
1234 1334 1367 1398 comitia

337 1426 526 1502 consularia,
543 1425 577 1488 in
594 1447 692 1509 quam
709 1425 814 1489 edicta
831 1435 922 1488 erant
939 1424 1034 1501 diem,
1052 1437 1127 1491 ante
1144 1427 1230 1491 diem
1242 1427 1368 1493 duode-

303 1521 456 1588 scimum
480 1518 545 1582 kat
568 1517 704 1582 Martias
731 1530 806 1582 sunt
830 1516 950 1582 habita.
1003 1520 1100 1583 creati
1125 1521 1272 1584 consules
1290 1519 1365 1607 [Ρ.]

337 1613 482 1677 Licinius
493 1610 640 1688 Crassus,
659 1609 698 1674 C.
709 1609 841 1675 Cassius
854 1610 1035 1696 Longinus.
1062 1625 1188 1697 postero
1202 1613 1255 1678 die
1271 1637 1367 1700 prae-

338 1724 421 1772 tores
437 1706 516 1770 facti
529 1703 569 1770 (l.
580 1705 742 1790 Sulpicius
752 1703 871 1782 Galba,
884 1705 926 1769 L.
935 1707 1054 1771 Furius
1062 1707 1187 1782 Philus,
1201 1707 1243 1771 L.
1254 1706 1367 1773 Canu·

337 1801 417 1864 leius
434 1800 548 1877 Dives,
566 1796 605 1864 C.
623 1799 795 1864 Lucretius
814 1797 974 1885 [Gallus]‚
992 1798 1032 1865 C.
1047 1798 1204 1865 Caninius·
1218 1801 1364 1878 Rebilus,

304 1920 319 1964 a
338 1895 379 1957 L.
396 1894 513 1959 Vultus
530 1894 678 1956 Annalis.
713 1892 763 1957 liis
785 1894 985 1979 praetoribus
1007 1895 1189 1980 provinciae
1207 1895 1365 1972 decretae,

338 1989 420 2053 duae
437 1989 505 2051 iure
514 1988 638 2052 Romae
656 1987 802 2065 dicendo,
819 1989 979 2072 Hispania
994 2000 1026 2052 et
1037 1987 1148 2054 Sicilia
1164 2000 1195 2054 et
1205 1987 1365 2065 Sardinia,

306 2108 318 2152 ,-
337 2093 373 2146 ut
389 2082 446 2147 uni
459 2103 526 2146 sors
543 2083 669 2167 integra
684 2093 777 2158 esset,
795 2102 860 2164 quo
874 2094 1003 2147 senatus
1016 2084 1200 2149 censuisset.
1226 2082 1366 2146 oonsuli-

336 2177 398 2240 bus
416 2176 590 2261 designatis
606 2176 776 2260 imperavit
793 2189 933 2254 senatus
950 2188 987 2241 ut
1000 2197 1065 2260 qua
1078 2176 1129 2242 die
1142 2177 1363 2261 magistratum

337 2270 486 2344 inissent,
512 2268 612 2332 hostis
634 2268 809 2333 maioribus
829 2270 890 2333 rite
911 2271 1058 2334 mactatis
1084 2282 1302 2355 protestentur,
1328 2281 1365 2334 ut

339 2364 426 2446 quod
443 2363 563 2427 bellum
580 2365 719 2447 populus
733 2363 900 2426 Romanus
918 2363 952 2427 in
968 2364 1075 2428 animo
1093 2365 1226 2429 baberet
1241 2385 1364 2450 gerere,

304 2478 320 2525 8
338 2469 375 2521 ut
396 2456 430 2519 id
452 2476 641 2541 prosperum
662 2455 813 2521 eveniret.
854 2456 967 2522 eodem
988 2457 1040 2524 die
1063 2457 1202 2524 decrevit
1224 2468 1364 2535 senatus,

340 2548 379 2614 C.
401 2549 559 2635 Popillius
586 2551 697 2615 consul
721 2552 815 2615 ludos
836 2574 895 2636 per
917 2552 985 2616 dies
1008 2556 1119 2619 decem
1140 2554 1212 2618 Iovi
1234 2566 1368 2640 optumo

337 2665 489 2708 maxumo
507 2656 638 2709 voveret
655 2645 803 2728 donaque
820 2646 905 2710 circa
923 2647 1031 2710 omnia
1047 2648 1242 2733 pulvinaria,
1264 2648 1291 2713 si
1312 2671 1365 2713 res

306 2761 319 2807 t
338 2739 468 2823 publica
485 2738 596 2803 decem
614 2762 715 2803 annos
736 2739 771 2802 in
788 2740 902 2804 eodem
919 2751 1005 2804 statu
1027 2740 1149 2804 fuisset.
1175 2743 1221 2806 ita
1237 2754 1274 2806 ut
1289 2764 1365 2806 oeu-

340 2844 483 2908 suerant,
509 2833 544 2894 in
571 2830 730 2916 Capitolio
757 2834 846 2897 vovit
871 2833 982 2897 consul
1007 2834 1100 2898 ludos
1127 2835 1195 2900 fieri
1216 2836 1364 2918 donaque

340 2926 422 3000 dari,
450 2937 570 3006 quanta
593 2947 633 2989 ex
651 2926 788 3009 pecunia
805 2926 965 2991 decresset
980 2938 1124 3004 senatus,
1147 2951 1220 2993 cum
1237 2939 1365 2995 centum

340 3029 372 3080 et
393 3017 626 3101 quinquaginta
650 3040 715 3081 non
739 3018 844 3083 minus
868 3020 1025 3084 adessent.
1066 3034 1240 3105 praeeunte
1265 3022 1365 3086 verba

341 3110 467 3195 Lepido
485 3111 632 3195 pontifice
649 3133 800 3175 maxumo
817 3113 852 3177 id
869 3125 980 3177 votum
998 3127 1181 3200 susceptum
1199 3128 1256 3178 est.

292 3228 322 3274 ιο
405 3204 456 3267 Eo
475 3226 558 3267 anno
576 3204 756 3269 sacerdotes
774 3205 894 3290 publici
911 3208 1043 3285 mortui,
1065 3207 1107 3271 L.
1126 3208 1282 3272 Aemilius
1299 3208 1366 3272 Pa·

339 3321 400 3382 pus
424 3297 583 3362 decemvir
605 3318 767 3363 sacrorum
790 3311 823 3363 et
840 3298 882 3381 Q.
900 3300 1035 3365 Fulvius
1053 3301 1188 3366 Flaccus
1209 3302 1365 3386 pontifex,

291 3415 320 3459 11
339 3392 395 3475 qui
412 3392 517 3477 priore
532 3414 615 3456 anno
633 3393 736 3457 fuerat
751 3415 873 3457 censor.
901 3393 953 3458 hic
970 3394 1066 3459 foeda
1082 3406 1182 3460 morte
1195 3394 1296 3480 periit.
1324 3418 1367 3459 ex

340 3487 466 3552 duobus
483 3486 566 3551 filius
584 3487 662 3564 eius,
681 3486 736 3569 qui
754 3499 823 3551 tum
840 3487 875 3551 in
888 3486 1018 3572 Illyrico
1035 3489 1221 3563 militabant,
1237 3488 1369 3551 nuntia·

340 3594 408 3645 tum
416 3581 550 3646 alterum
561 3578 759 3668 [decessisse
769 3578 920 3667 alterum]
925 3584 1016 3667 gravi
1027 3594 1059 3648 et
1066 3582 1244 3667 periculoso
1251 3582 1366 3645 morbo

292 3696 321 3741 ι’.)
340 3697 471 3761 aegrum
482 3697 561 3739 esse.
579 3675 685 3740 obruit
699 3675 841 3739 animum
855 3675 949 3739 simul
963 3677 1067 3740 luctus
1076 3687 1243 3759 metusque
1248 3700 1257 3752 ;
1271 3698 1367 3740 mane

340 3770 475 3855 ingressi
497 3769 680 3833 cubiculum
703 3770 787 3834 servi
807 3770 924 3853 laqueo
948 3770 1179 3853 dependentem
1204 3770 1365 3833 invenere.

342 3873 409 3925 erat
430 3863 536 3947 opinio
561 3876 635 3948 post
660 3884 828 3927 censuram
851 3863 956 3927 minus
979 3876 1146 3947 conpotem
1172 3864 1273 3929 fuisse
1299 3862 1365 3956 suj3

341 3953 436 4036 volgo
453 3954 584 4019 Iunonis
601 3955 754 4020 Laciniae
771 3957 853 4019 iram
871 3955 913 4019 ob
931 3954 1099 4038 spoliatum
1117 3958 1271 4043 templum
1289 3956 1366 4022 alie·

294 4062 323 4109 13
342 4066 434 4108 nasse
447 4060 585 4112 mentem
597 4049 752 4114 ferebant.
781 4048 935 4112 suffectus
948 4048 982 4110 iu
990 4048 1110 4114 Aemili
1123 4051 1230 4115 locum
1239 4052 1366 4116 decem·

342 4135 391 4199 vir
406 4134 455 4198 M.
470 4137 617 4205 Valerius
630 4141 785 4216 Messala3
803 4141 837 4204 in
850 4139 946 4203 Fulvi
964 4142 1107 4223 pontifex
1126 4141 1187 4208 (ln.
1200 4143 1365 4210 Domitius

343 4227 577 4296 Ahenobarbus
595 4235 711 4320 oppido
729 4234 914 4298 adulescens
933 4231 1109 4321 (sacerdos)
1127 4250 1176 4302 est
1191 4240 1304 4305 lectus.
