3384 4975
538 454 655 511 aman
671 453 827 522 xxxxv,
844 453 889 507 44.
909 450 1063 523 [acuar]
1253 437 1317 504 195

352 610 403 677 Eo
418 633 502 677 anno
516 633 574 676 rex
587 609 704 674 Prusia
721 608 808 674 venit
816 608 955 673 Romam
968 631 1042 673 cum
1055 610 1119 673 filio
1129 609 1313 675 Nicomede.
1333 631 1350 678 4

288 704 317 770 is
342 727 461 792 magno
488 704 641 770 comitatu
662 702 776 766 urbem
801 701 965 786 ingressus
992 702 1033 766 ad
1054 703 1160 767 forum
1182 728 1202 770 a
1222 714 1315 789 porta

283 801 491 883 tribunalque
517 795 591 883 [Q]
617 793 712 860 (lassi
735 795 889 880 praetoris
916 797 1069 881 perrexit3
1096 817 1348 882 concursuque5

286 895 431 977 undique
448 894 534 957 facto
552 892 642 968 deos,
662 884 717 972 qni
735 888 847 952 urbem
864 889 1001 954 Romam
1019 889 1205 968 incolerent,
1223 914 1313 956 sena-

287 998 422 1068 tumque
440 996 472 1051 et
488 984 643 1070 populum
658 982 841 1047 Romanum
858 983 1029 1048 salutatum
1047 1007 1080 1048 se
1098 984 1178 1048 dixit
1191 985 1315 1050 venisse

286 1092 322 1144 et
340 1080 549 1165 gratulatum,
568 1077 655 1162 quod
671 1077 792 1142 Persea
810 1075 1028 1161 Gentiumque
1045 1101 1137 1163 reges
1155 1079 1314 1155 vicissent,

289 1174 589 1256 Macedonibusque
607 1182 640 1237 et
652 1171 757 1255 Illyris
775 1172 809 1235 in
823 1172 981 1236 dicionem
998 1172 1134 1237 redactis
1153 1173 1316 1237 auxissent

288 1268 467 1351 imperium.
496 1289 569 1331 cum
587 1275 714 1350 praetor
731 1276 878 1330 senatum
895 1265 935 1342 ei,
954 1265 981 1329 si
997 1266 1084 1342 velit,
1103 1288 1140 1330 eo
1156 1267 1206 1332 die
1222 1266 1314 1330 datu·
1333 1285 1348 1332 6
1412 1287 1418 1302 “

286 1384 359 1426 rum
377 1361 518 1437 dixisset,
535 1359 669 1424 biduum
685 1360 786 1445 petiit,
804 1381 869 1442 quo
888 1361 1007 1446 templa
1024 1361 1120 1425 deum
1138 1361 1315 1443 urbemque

287 1466 320 1518 et
338 1454 478 1538 hospites
502 1454 683 1536 amicosque
705 1454 830 1519 viseret.
876 1453 968 1518 datus
986 1455 1041 1537 qui
1064 1454 1315 1519 circumduceret
1335 1473 1349 1519 τ

286 1572 376 1623 eum,
397 1547 466 1633 [Ia]
488 1546 655 1613 Cornelius
675 1547 784 1632 Scipio
807 1559 971 1630 quaestor,
995 1549 1050 1632 qui
1069 1559 1101 1613 et
1119 1547 1266 1633 Capuam
1285 1548 1315 1613 ei

287 1643 415 1706 obviam
432 1643 548 1707 missus
566 1643 685 1718 fuerat,
710 1652 742 1706 et
759 1642 871 1718 aedes,
894 1664 976 1725 quae
994 1643 1101 1728 ipsum
1119 1643 1314 1725 comitesque

286 1738 356 1801 eius
374 1737 512 1821 benigne
529 1737 714 1822 reciperent,
734 1737 920 1802 conductae.
948 1739 1041 1802 tertio
1060 1748 1133 1823 post.
1150 1738 1202 1802 die
1221 1760 1313 1802 sena·
1332 1753 1348 1802 8

288 1843 358 1895 tum
372 1832 463 1907 adiit3
482 1832 659 1916 gratulatus
674 1832 839 1896 victoriam
854 1843 916 1910 est3
930 1834 1043 1898 merita
1057 1856 1116 1897 sua
1129 1833 1162 1896 in
1177 1855 1215 1898 eo
1231 1829 1314 1897 bello

288 1925 561 1999 commemoravit3
584 1926 691 2009 petiit,
714 1937 751 1989 ut
768 1938 877 1990 votum
896 1923 957 1990 sibi
980 1927 1117 2004 solvere,
1140 1928 1263 1991 Romae
1281 1927 1315 1989 in

289 2016 451 2100 Capitolio
470 2017 580 2081 decem
597 2018 733 2082 maiores
750 2018 869 2081 hostias
889 2029 918 2082 et
933 2019 1106 2083 Praeneste
1124 2042 1221 2082 unam
1235 2020 1316 2082 For-

289 2121 396 2184 tunae,
415 2109 624 2173 liceret-ea
641 2120 716 2173 vota
737 2132 795 2194 pro
813 2111 945 2174 victoria
962 2112 1073 2195 populi
1090 2112 1228 2175 Romani
1246 2133 1315 2175 esse
1334 2130 1349 2177 9

291 2214 377 2267 -et
394 2213 431 2267 ut
448 2203 583 2267 societas
601 2225 710 2268 seeum
727 2213 933 2267 renovaretur
951 2225 1090 2288 agerque
1108 2205 1169 2267 sibi
1187 2204 1226 2267 de
1239 2225 1316 2287 rege

291 2296 453 2362 Antiocho
477 2307 602 2382 captus,
626 2320 722 2381 quem
739 2297 817 2361 nulli
836 2297 947 2361 datum
965 2295 1013 2382 [a]
1034 2297 1151 2382 populo
1170 2296 1316 2362 Romano

289 2389 380 2454 >Galli
396 2391 609 2475 possiderent,
629 2391 766 2455 daretur.
811 2391 911 2454 filium
929 2404 1088 2475 postremo
1106 2390 1315 2454 Nicomedem

288 2484 415 2549 senatui
433 2485 675 2549 commendavit..
702 2483 844 2549 omnium
859 2484 914 2569 qui
928 2485 962 2550 in
969 2485 1162 2550 Macedonia
1179 2485 1316 2569 impera-

290 2589 375 2641 tores
390 2576 517 2640 fuerant
530 2577 669 2642 favorest
683 2578 820 2641 adiutus.
851 2579 958 2659 itaque
973 2588 1078 2641 cetera
1090 2599 1173 2660 quae
1186 2577 1316 2661 petebat
1335 2597 1368 2643 10

291 2670 451 2746 concessa,
471 2670 510 2733 de
529 2693 605 2754 agro
624 2693 810 2755 responsum
828 2681 886 2746 est,
904 2671 1027 2754 legatos
1046 2671 1086 2733 ad
1104 2694 1171 2735 rem
1189 2670 1316 2754 inspici-

288 2765 407 2830 endam
425 2764 593 2827 missuros:
613 2762 670 2848 [si]
684 2765 711 2828 is
726 2786 803 2849 ager
816 2763 926 2848 populi
935 2763 1074 2828 Romani
1088 2761 1207 2849 [factus
1223 2773 1315 2839 esset,

291 2882 365 2924 cum
382 2855 549 2943 Antiochi]
569 2858 681 2922 fuisset
698 2880 759 2923 nec
777 2859 925 2941 cuiquam
944 2857 1037 2921 datus
1056 2868 1148 2934 esset,
1168 2858 1316 2942 dignissi-

290 2977 379 3017 mum
398 2976 435 3017 eo
454 2953 537 3016 dono
551 2951 699 3016 Prusiam
717 2951 880 3017 habituros
899 2974 982 3024 esse:
1002 2952 1029 3015 si
1048 2962 1155 3017 autem
1164 2952 1316 3017 Antiochi
1336 2971 1367 3017 11

290 3069 354 3110 non
372 3047 470 3112 fuisse
488 3059 519 3110 et
537 3068 575 3111 eo
592 3069 633 3111 ne
651 3047 762 3131 populi
780 3046 910 3130 quidem
920 3046 1058 3111 Romani
1078 3047 1199 3111 factum
1218 3070 1318 3132 appa-

290 3151 374 3204 reret
392 3152 447 3204 aut
465 3142 574 3204 datum
585 3139 687 3207 Gallis
702 3164 780 3218 esse,
798 3142 963 3227 ignoscere
977 3140 1126 3205 Prusiam
1145 3141 1270 3217 debere,
1289 3142 1316 3205 si

289 3257 332 3298 ex
350 3233 467 3297 nullius
485 3234 599 3297 iniuria
617 3235 788 3318 quicquam
806 3235 835 3299 ei
859 3235 969 3300 datum
992 3236 1087 3300 vellet
1104 3236 1240 3320 populus
1250 3236 1317 3299 Ro·

291 3349 415 3391 manus.
442 3349 483 3390 ne
502 3328 553 3391 cui
572 3327 664 3391 detur
681 3328 820 3409 quidem,
839 3340 967 3413 gratum
987 3351 1055 3392 esse
1074 3329 1193 3391 donum
1211 3349 1314 3412 posse,
1336 3345 1367 3391 12

290 3420 470 3503 quodcum
489 3420 631 3501 quidet,
657 3421 713 3484 ubi
731 3421 839 3495 vellet,
863 3421 1042 3484 ablaturum
1061 3442 1129 3483 esse
1148 3419 1236 3483 sciat.
1271 3421 1317 3484 fili
1336 3438 1368 3484 13

292 3512 476 3577 Nicomedis
487 3512 791 3577 commendationem
806 3514 958 3596 accipere.
986 3523 1106 3594 quanta
1115 3535 1192 3576 cura
1205 3535 1318 3595 regum

294 3605 469 3668 amicorum
491 3605 607 3667 liberos
625 3613 753 3667 tueatur
769 3605 907 3687 populus
926 3604 1104 3679 Romanus,
1128 3604 1318 3668 documento

291 3695 515 3763 Ptolemaeum
542 3696 685 3782 Aegypti
711 3718 821 3780 regem
848 3718 926 3761 esse.
980 3718 1053 3760 cum
1079 3697 1140 3761 hoc
1166 3719 1318 3782 responso
1338 3717 1372 3764 14

290 3789 425 3857 Prusias
444 3800 492 3853 est
510 3789 667 3854 dimissus.
694 3812 827 3854 munera
845 3790 875 3855 ei
893 3812 932 3854 ex
951 3788 985 3875 [c
996 3787 1045 3875 00]
1063 3791 1213 3854 sestertiis
1231 3791 1319 3857 iussa

294 3884 377 3960 dari,
405 3893 436 3947 et
458 3904 606 3946 vasorum
627 3894 850 3970 argenteorum
872 3884 979 3970 pondo
1003 3883 1243 3968 quinquaginta.
1288 3895 1369 3953 et15

293 3979 358 4043 filio
372 3978 457 4063 regis
466 3978 633 4043 Nicomedi
647 4002 687 4044 ex
701 4002 739 4044 ea
752 4003 876 4044 summa
889 4002 1021 4044 munera
1035 3979 1104 4042 dari
1119 3989 1318 4058 censuerunt,

290 4095 335 4137 ex
358 4093 423 4155 qua
439 4073 618 4158 Masgabae
644 4073 709 4138 filio
731 4074 815 4159 regis
832 4073 1024 4138 Masinissae
1048 4074 1123 4136 data
1141 4083 1259 4151 essent,
1286 4085 1319 4138 et

293 4176 330 4231 ut
347 4166 494 4233 victimae
513 4167 652 4253 aliaque,
671 4190 753 4253 quae
772 4169 813 4233 ad
831 4168 1019 4234 sacrificium
1037 4166 1243 4252 pertinerent,
1262 4190 1321 4232 seu

1102 4260 1153 4318 13·
