3384 4975
400 490 466 554 214
487 497 709 555 PER-IOCHAE
726 493 930 563 LIBRORUM
947 492 1397 550 LXXXXlll-LXXXXVIII.

402 638 582 694 Calchedona
598 635 705 706 proelio
720 651 737 688 a
750 650 818 704 rege
836 634 940 701 rictus3
957 647 1057 700 resque
1077 648 1094 685 a
1111 629 1247 709 Pompeio
1267 636 1295 685 et
1313 630 1435 688 Metello

402 708 534 763 adversus
545 704 698 760 Sertorium
707 707 832 774 [gestae‚
848 701 910 824 qui]
924 699 1052 754 omnibus
1061 699 1130 778 belli
1139 699 1311 768 militiaeque
1322 701 1435 754 artibus

400 793 453 845 par
461 775 515 829 fuit
526 778 545 841 [.
558 813 563 826 .
575 778 596 839 .]
610 777 639 826 et
648 772 684 826 ab
694 769 838 824 obsidione
873 768 995 840 alaguris
1005 767 1102 839 oppidi
1112 766 1244 836 depulsos
1254 769 1381 838 coegerit
1391 770 1434 823 di-

400 860 495 898 versas
504 841 634 913 regiones
642 845 747 910 petere,
758 838 905 894 Metellum
914 837 1075 892 ulteriorem
1083 835 1435 907 Hispaniam‚Pompeinm

402 910 533 967 Galliam.

778 978 820 1019 ux
832 978 889 1017 Lus.
903 976 1051 1017 Lxxxxuu.

452 1046 486 1100 L.
501 1045 626 1101 Licinius
640 1044 775 1099 Lucullus
794 1043 892 1099 consul
911 1043 1042 1099 adversus
1056 1040 1240 1096 Mithridaten
1254 1044 1433 1112 equestribus

400 1115 514 1187 proeliis
532 1114 653 1170 feliciter
669 1112 806 1184 pugnavit
824 1117 853 1167 et
872 1111 978 1232 aliquot
995 1109 1186 1190 expeditiones
1199 1127 1349 1190 prosperas
1363 1111 1435 1167 fecit

400 1186 602 1255 poscentesque
610 1200 649 1253 pu
690 1199 735 1236 am
744 1181 912 1234 militesase
933 1179 1018 1233 itione
1028 1178 1157 1232 inhibuit.
1172 1178 1325 1233 Deiotarus
1332 1180 1433 1236 Gallo-

402 1254 533 1329 graeciae
547 1257 650 1306 tetrarc
671 1268 700 1304 es
713 1249 872 1319 praefectos
885 1247 1055 1301 Mithridatis
1073 1247 1179 1301 bellum
1188 1247 1218 1300 in
1231 1246 1358 1327 Phrygia
1372 1267 1433 1303 mo-

401 1327 497 1376 ventes
516 1319 625 1374 cecidit.
661 1324 808 1388 praeterea
826 1334 871 1372 res
886 1333 903 1370 a
917 1315 968 1371 Cn.
983 1315 1118 1386 Pompeio
1132 1315 1162 1369 in
1176 1315 1315 1386 Hispama
1333 1323 1434 1373 contra

402 1388 554 1444 Sertorium
561 1403 694 1460 prospere
704 1392 798 1458 gestas
809 1385 941 1439 continet.

378 1510 380 1515 ,
406 1514 410 1522 ¹
588 1508 590 1512 ,
791 1466 830 1506 ax
843 1466 900 1505 aru.
915 1464 1039 1504 Lxxxxv.

428 1529 431 1533 ’
453 1525 485 1580 C.
499 1525 582 1581 Curio
596 1523 745 1595 proconsul
758 1524 909 1578 Dardanos
927 1523 957 1575 in
971 1521 1095 1575 Thracia
1113 1520 1227 1575 domuit.
1255 1526 1390 1591 quattuor
1404 1531 1434 1579 et

403 1594 583 1664 septuaginta
601 1594 773 1665 gladiatores
788 1592 902 1662 Capuae
921 1607 954 1645 ex
970 1590 1037 1643 ludo
1052 1588 1168 1644 Lentuli
1185 1589 1383 1661 profugerunt,
1405 1599 1434 1648 et

402 1668 575 1734 congregata
599 1662 773 1716 servitiorum
796 1658 999 1740 ergastulorum
1019 1675 1054 1712 ue
1077 1658 1255 1712 multitudine
1298 1658 1380 1714 Crixo
1404 1668 1434 1716 et

403 1731 540 1801 Spartaco
559 1731 677 1784 ducibus
694 1728 769 1783 bello
780 1733 914 1808 ersoitato²
930 1675 1080 1782 Claudium
1092 1726 1249 1780 Pulchrum
1261 1699 1389 1799 legatum
1404 1736 1434 1783 et

402 1798 435 1852 P.
446 1799 588 1854 Varenum
600 1801 758 1868 praetorem
770 1796 878 1867 proelio
887 1800 1021 1878 mperunt.
1044 1795 1078 1848 L.
1089 1793 1224 1850 Lucullus
1234 1797 1385 1864 proconsul
1394 1799 1432 1851 ad

403 1866 536 1937 Cyzicum
548 1867 646 1920 urbem
659 1864 810 1920 exercitum
823 1864 993 1918 Mithridatis
1007 1864 1082 1918 fame
1096 1864 1226 1933 ferroque
1237 1863 1353 1934 delevit,
1369 1867 1431 1934 pul-

402 1951 518 2004 sumque
526 1934 661 2005 Bithynia
674 1952 781 2004 regem,
797 1933 881 1987 variis
896 1933 965 1988 belli
980 1949 1012 1987 ac
1025 1931 1236 2003 naufragiorum
1250 1932 1360 1988 casibus
1373 1934 1431 1989 fra-

403 2008 486 2072 ctum,
497 2004 590 2074 coegit
598 2004 628 2057 in
636 2003 758 2057 Pontum
766 2002 927 2073 profugere.

789 2083 828 2122 ax
841 2083 898 2123 uin.
908 2081 1043 2122 axxxxvr.

454 2138 487 2204 Q.
498 2140 596 2194 Arrius
609 2144 724 2211 praetor
732 2138 845 2194 Crixum
858 2138 1039 2211 fugitivorum
1054 2139 1154 2193 ducem
1167 2157 1231 2194 cum
1244 2138 1344 2210 viginti
1358 2140 1430 2194 mili-

401 2208 455 2264 bus
467 2210 611 2290 hominurn
624 2209 733 2264 cecidit.
761 2209 811 2263 Cn.
821 2207 960 2287 Lentulus
974 2208 1070 2261 consul
1084 2208 1157 2262 male
1172 2209 1303 2289 advorsus
1313 2208 1430 2291 Sparta·

401 2275 1430 2415 itt{stadeloitMittt⁰t⁸2ss¹ttthtttttttttttt

402 2415 431 2467 in
441 2414 566 2467 convivio
579 2413 743 2468 interfectus
754 2419 804 2481 est,
820 2419 919 2467 octavo
929 2413 1047 2466 ducatus
1057 2413 1099 2466 sui
1110 2429 1192 2483 anno,
1206 2430 1324 2484 magnus
1334 2414 1392 2467 dux
1402 2423 1431 2469 et

402 2483 534 2538 adversus
544 2481 614 2537 duos
623 2482 813 2553 imperatores,
822 2480 987 2551 Pompeium
997 2487 1025 2537 et
1034 2480 1187 2552 Metellum,
1201 2481 1246 2537 rel
1255 2483 1430 2552 frequentius

400 2551 502 2620 victor,
522 2552 559 2605 ad
575 2552 704 2605 ultimum
722 2557 751 2605 et
768 2567 867 2605 saevus
882 2556 910 2605 et
927 2551 1070 2621 prodigus.
1098 2552 1244 2621 imperium
1257 2552 1378 2621 partium
1393 2554 1429 2605 ad

401 2620 528 2674 Marcum
542 2621 720 2689 translatum,
736 2637 820 2690 quem
829 2618 879 2674 Cn.
889 2619 1040 2690 Pompeius
1054 2619 1157 2674 victum
1166 2625 1335 2690 captumque
1345 2620 1429 2674 inter-

400 2690 482 2759 fecit,
501 2705 535 2743 ac
552 2690 661 2758 recepit
677 2689 831 2758 Hispanias
850 2687 958 2742 decimo
976 2687 1035 2742 fere
1054 2704 1128 2742 anno
1145 2705 1230 2758 quam
1244 2695 1373 2758 coeptum
1387 2695 1429 2743 est

400 2757 514 2811 bellum.
538 2756 568 2812 C.
579 2756 692 2812 Cassius
701 2756 851 2827 proconsul
860 2762 889 2811 et
898 2755 948 2812 Cn.
958 2756 1081 2811 Manlius
1090 2763 1203 2826 praetor
1211 2756 1284 2811 male
1295 2758 1428 2811 adversus

400 2823 568 2946 {partapum
581 2831 790 2897 pugnaverunt,
805 2826 890 2895 idque
903 2825 1010 2881 bellum
1018 2824 1057 2878 M.
1067 2823 1167 2881 Crasso
1180 2826 1304 2897 praetori
1313 2826 1429 2880 manda-

414 2909 521 2948 umes.

702 2981 717 2989 -
782 2964 822 3004 xx
835 2964 891 3005 uin.
906 2964 1052 3005 Lxxxxm

451 3027 490 3080 M.
511 3027 626 3082 Crassus
644 3034 757 3098 praetor
773 3028 895 3099 primum
912 3048 976 3085 cum
993 3035 1074 3100 parte
1092 3029 1285 3103 fugitivorum,
1305 3048 1377 3102 quae
1396 3049 1431 3088 ex

402 3094 494 3149 Gallis
509 3096 712 3166 Gennanisque
727 3098 887 3166 constabat,
902 3098 1022 3159 feliciter
1034 3117 1074 3169 pu
1115 3101 1185 3168 avit,
1205 3101 1293 3155 caesis
1307 3101 1430 3155 hostium

400 3163 517 3233 triginta
532 3165 653 3234 quinque
667 3165 779 3220 milibus
792 3171 821 3221 et
835 3166 953 3221 ducibus
963 3184 1058 3223 corum
1092 3174 1152 3222 asto
1162 3174 1191 3223 et
1200 3167 1337 3224 Gannico.
1365 3186 1430 3224 cum

401 3230 535 3311 Spartaco
552 3233 652 3288 deinde
664 3232 828 3304 debellavit,
844 3236 933 3290 eaesis
943 3253 1006 3290 cum
1015 3236 1076 3306 ipso
1086 3237 1234 3309 sexaginta
1242 3237 1362 3291 milibus.
1390 3238 1429 3291 M.

400 3302 538 3354 Antonius
565 3308 678 3372 praetor
704 3303 810 3359 bellum
837 3304 969 3359 adversus
998 3305 1145 3361 Cretenses
1171 3323 1271 3427 parum
1295 3322 1430 3376 prospere

400 3375 559 3440 susceptum
568 3377 655 3426 morte
665 3388 717 3425 sua
725 3369 805 3425 finiit.
823 3371 1002 3427 M.Lucullus
1011 3374 1162 3443 proconsul
1197 3376 1297 3429 hracas
1307 3375 1429 3445 subegit.

399 3438 433 3492 L.
443 3437 578 3493 Lucullus
588 3440 616 3493 in
625 3439 716 3494 Ponto
727 3440 1047 3497 adversusMithridaten
1056 3442 1177 3498 feliciter
1184 3460 1223 3512 pu
1265 3443 1330 3509 avit,
1338 3444 1429 3497 caesis

398 3508 521 3561 hostium
530 3509 648 3580 amplius
658 3526 742 3580 quam
751 3509 899 3581 sexaginta
908 3510 994 3565 milia.
1013 3510 1174 3566 M.Crassus
1184 3516 1212 3565 et
1245 3511 1430 3581 n.Pompeius

399 3576 529 3631 consules
537 3576 683 3648 facti†sic
692 3581 724 3633 ut
731 3578 892 3649 Pompeius,
904 3584 1054 3649 antequam
1064 3588 1241 3650 quaesturam
1256 3585 1379 3650 gereret,
1396 3597 1431 3634 ex

400 3646 493 3715 equite
501 3645 642 3715 Romano,
657 3647 835 3702 tribuniciam
847 3653 1018 3717 potestatem
1031 3648 1221 3704 restituerunt.
1248 3648 1352 3722 iudicia
1362 3664 1429 3718 quo·

400 3730 459 3835 paiz}
466 3731 518 3834 pscr
527 3712 561 3835 Ita.
571 3715 718 3836 Affipllplrpr
724 3715 839 3838 &stim
852 3722 1011 3838 praitorem
1021 3718 1056 3772 ad
1067 3717 1174 3788 equites
1184 3716 1429 3839 Romanosttransd

494 3800 553 3835 un.
707 3801 724 3837 a
753 3802 766 3837 s
810 3802 839 3839 es
861 3802 969 3839 eraron
1258 3801 1371 3840 coacus
1391 3802 1409 3839 a

400 3849 553 3919 Tigranem
561 3802 986 3925 Armeniaeregemcllnfugit.e
1007 3804 1101 3843 mmm
1123 3802 1236 3842 mamm

771 3931 810 3970 ax
823 3932 881 3971 nus.
895 3932 1053 3974 uxxxxvm.

449 3982 598 4042 Machares
611 3986 688 4041 filius
700 3985 886 4057 Mithridatis,
900 3988 1020 4059 Bospori
1032 4007 1093 4055 rex,
1109 3990 1170 4046 aL.
1181 3990 1301 4045 Lucullo
1316 3990 1346 4044 in
1360 3990 1428 4044 ami-

399 4048 496 4104 citiam
508 4061 638 4125 receptus
653 4061 702 4111 est.
731 4055 782 4110 Cn.
791 4055 929 4110 Lentulus
943 4063 972 4111 et
985 4056 1018 4109 L.
1029 4056 1139 4113 Gellius
1154 4077 1284 4115 censores
1299 4076 1430 4128 asperam

398 4132 546 4173 censuram
563 4131 682 4194 egerunt
700 4128 831 4194 quattuor
849 4130 878 4180 et
894 4129 1039 4195 sexaginta
1058 4133 1158 4182 senatu
1175 4128 1267 4182 motis.
1295 4146 1313 4183 a
1327 4128 1431 4197 quibus

398 4183 486 4237 lustro
495 4189 606 4244 condito
617 4209 701 4247 censa
710 4196 776 4245 sunt
784 4193 887 4247 civium
895 4194 989 4262 capita
997 4200 1141 4266 nongenta
1150 4197 1236 4251 milia.
1255 4196 1289 4250 L.
1296 4196 1429 4251 Metellus

398 4256 511 4322 praetor
528 4253 558 4309 in
571 4255 667 4314 Sicilia
684 4261 818 4315 adversus
830 4261 936 4331 piratas
949 4276 1081 4333 prospere
1094 4281 1154 4319 rem
1167 4265 1263 4337 gessit.
1291 4265 1430 4336 templum
