3384 4975
408 601 410 605 .
515 536 632 592 amsa
649 534 1068 606 xxxxi,o.10.[a.c.1u]
1287 520 1307 584 9

284 696 372 759 nium
394 695 483 758 iussi.
527 694 714 778 priusquam
736 689 882 753 consules
909 691 1089 773 provincias
1113 691 1308 768 sortirentur,
1328 712 1345 757 4

284 790 429 873 prodigia
451 788 597 851 nuntiata
619 794 708 847 sunt:
733 782 873 864 lapidem
893 783 927 846 in
949 804 1027 867 agro
1051 781 1258 850 Crustumino
1275 785 1310 849 in

284 883 391 946 lucum
410 881 527 944 Martis
546 879 586 941 de
604 877 692 940 caelo
710 875 877 950 cecidisse,
895 897 1030 959 puerum
1047 879 1150 942 trunci
1169 879 1309 963 corporis
1331 896 1347 940 a

284 976 318 1038 in
336 996 414 1056 agro
433 974 579 1035 Romano
599 979 712 1031 natum
729 979 762 1032 ct
779 968 1019 1052 quadrupedem
1038 992 1175 1053 anguem
1193 973 1309 1049 visum,

286 1080 318 1130 et
336 1065 469 1149 Capuae
486 1065 588 1127 multa
607 1063 641 1125 in
658 1063 727 1125 foro
745 1062 891 1126 aedificia
908 1063 948 1127 de
967 1063 1055 1127 caelo
1072 1073 1172 1140 tacta,
1195 1075 1227 1129 et
1242 1065 1310 1130 Pu-

286 1159 377 1223 teolis
401 1160 480 1222 duas
502 1179 599 1222 naves
620 1156 762 1220 fulminis
784 1155 851 1220 ictu
869 1168 1084 1221 concrematas
1106 1179 1185 1223 esse.
1229 1158 1311 1224 inter
1329 1178 1344 1224 6

286 1253 379 1329 haec,
406 1274 488 1336 quae
513 1251 756 1328 nuntiabantur,
782 1253 879 1336 lupus
906 1253 1002 1316 etiam
1025 1253 1147 1318 Romae
1173 1253 1312 1316 interdiu
1340 1292 1343 1312 2

285 1347 437 1431 agitatus,
465 1368 538 1410 cum
567 1343 694 1409 Collina
718 1355 811 1429 porta
836 1345 998 1422 intrasset,
1025 1368 1083 1431 per
1108 1345 1311 1430 Esquilinam

284 1462 401 1525 magno
411 1439 660 1505 consectantium
674 1440 813 1502 tumultu
827 1440 936 1504 evasit.
965 1462 1074 1504 eorum
1091 1441 1311 1527 prodigiorum
1330 1455 1344 1502 7

285 1557 382 1598 causa
399 1535 545 1598 consules
562 1533 698 1597 maiores
716 1533 836 1597 hostias
854 1533 1048 1599 inmolarunt
1061 1546 1093 1600 et
1107 1535 1192 1600 diem
1210 1559 1311 1600 uuum

285 1628 369 1692 circa
391 1628 498 1692 omnia
524 1627 704 1710 pulvinaria
730 1626 918 1712 supplicatio
941 1628 1011 1692 fuit.
1063 1630 1224 1695 sacrificiis
1250 1631 1344 1696 rite8

283 1721 431 1806 perfectis
456 1722 636 1806 provincias
662 1721 763 1784 sortiti
785 1733 873 1799 sunt3
902 1719 1037 1786 Claudio
1054 1723 1192 1802 Histria,
1217 1723 1311 1790 Sem-

283 1815 394 1898 pronio
413 1815 561 1881 Sardinia
579 1815 718 1880 obvenit.
761 1815 867 1900 legem
885 1815 958 1880 dein
981 1816 1022 1881 de
1039 1818 1133 1881 sociis
1152 1815 1191 1883 C.
1211 1817 1310 1884 Clau·
1329 1829 1343 1874 9

285 1910 355 1975 dius
373 1911 446 1974 tulit
464 1907 536 1994 [ex]
560 1920 688 1974 senatus
712 1911 856 1974 consulto
875 1921 907 1974 et
924 1902 1037 1986 edixit,
1061 1912 1118 1994 qui
1141 1912 1218 1976 sccii
1241 1912 1309 1996 (ao)

284 2003 420 2067 nominis
446 2002 558 2065 Latini
583 2002 646 2086 ipsi
671 2003 849 2068 maioresve
877 2025 987 2068 eorum
1014 2005 1064 2068 M.
1088 2003 1240 2084 Claudio,
1268 2008 1308 2072 T.

287 2096 440 2177 Quinctio
458 2095 642 2160 censoribus
659 2107 772 2180 postve
795 2118 834 2160 ea
856 2096 942 2180 apud
964 2098 1066 2162 socios
1083 2100 1220 2164 nominis
1241 2100 1309 2164 La·
1362 2097 1365 2101 ’

283 2190 342 2254 tini
365 2189 452 2254 censi
479 2197 597 2265 essent,
622 2198 660 2252 ut
685 2209 796 2252 omnes
817 2189 852 2252 in
878 2211 969 2252 suam
991 2190 1127 2273 quisque
1149 2192 1310 2257 civitatem

285 2294 357 2348 ante
375 2283 438 2346 kal.
454 2283 654 2348 Novembres
670 2282 821 2347 redirent.
847 2282 1002 2365 quaestio,
1021 2285 1077 2367 qui
1094 2285 1139 2350 ita
1156 2308 1221 2351 non
1238 2287 1311 2352 red·
1330 2295 1362 2341 10

283 2379 395 2454 issent,
417 2377 459 2440 L.
477 2377 638 2442 Mummio
664 2377 803 2463 praetori
826 2377 955 2442 decreta
972 2388 1030 2443 est.
1082 2379 1124 2444 ad
1146 2381 1252 2466 legem
1278 2392 1311 2446 et

284 2472 423 2538 edictum
450 2472 588 2536 consulis
620 2482 749 2537 senatus
776 2473 957 2536 consultum
989 2471 1149 2539 adiectum
1181 2487 1244 2553 est,
1273 2485 1311 2540 ut
1330 2481 1361 2527 ll

284 2567 433 2641 dictator,
453 2565 578 2641 consul,
595 2566 749 2641 interrex,
768 2588 889 2642 censor,
907 2578 1034 2651 praetor
1050 2567 1107 2651 qui
1123 2591 1210 2633 nunc
1227 2581 1311 2634 esset

284 2659 397 2746 [quive
421 2657 555 2743 posthac
580 2658 708 2722 futurus
735 2657 833 2742 esset]
863 2670 941 2742 aput
969 2681 1079 2723 eorum
1102 2682 1198 2744 quem
1221 2656 1310 2747 [qui]

283 2775 382 2817 manu
395 2752 583 2828 mitteretur,
600 2752 634 2814 in
651 2751 830 2818 libertatem
844 2751 1068 2829 vindicaretur,
1086 2764 1122 2817 ut
1135 2753 1185 2818 ius
1203 2753 1311 2818 iurau-

285 2848 362 2911 dum
380 2846 484 2923 daret,
512 2845 658 2928 quicum
679 2867 778 2908 manu
800 2844 954 2922 mitteret,
981 2845 1115 2911 civitatis
1139 2849 1311 2915 mutandae

285 2962 382 3006 causa
406 2962 504 3004 manu
529 2961 595 3003 non
621 2938 761 3015 mittere3
787 2938 821 3003 in
844 2960 908 3023 quo
929 2938 964 3003 id
984 2960 1050 3004 non
1075 2940 1207 3019 iuraret,
1236 2963 1310 3007 eum

284 3057 382 3099 manu
412 3033 602 3098 mittendum
632 3056 698 3098 non
724 3045 925 3099 censuerunt.
983 3033 1063 3099 haec
1088 3036 1122 3100 in
1148 3048 1310 3121 posterum

285 3139 393 3204 cauta,
415 3127 557 3210 iussique
580 3126 683 3192 edicto
701 3124 742 3192 Ο.
761 3125 879 3191 Claudi
902 3125 1080 3213 cons.[...]
1100 3126 1237 3194 Claudio
1255 3130 1310 3195 de·

286 3234 371 3286 creta
389 3233 446 3286 est.

348 3315 395 3379 X.
421 3315 512 3379 Dum
525 3313 737 3380 haecRomae
755 3324 920 3399 geruntur,
934 3314 983 3378 M.
994 3314 1106 3379 Iunius
1121 3326 1153 3379 et
1160 3316 1203 3378 A.
1214 3316 1310 3379 Man·
1331 3324 1343 3368 1

285 3410 362 3484 lius,
389 3408 444 3490 qui
470 3408 574 3491 priore
596 3430 680 3471 anno
704 3409 850 3473 consules
877 3408 1018 3484 fuerant,
1045 3428 1119 3471 cum
1140 3408 1311 3489 Aquileiae

285 3504 516 3576 hibernassent,
532 3502 689 3584 principio
706 3501 789 3565 veris
806 3502 841 3563 in
858 3501 930 3564 finis
939 3501 1124 3565 Histrorum
1137 3500 1312 3563 exercitum

286 3593 545 3667 introduxerunt3
562 3593 619 3655 ubi
637 3614 710 3656 cum
727 3592 828 3655 effuse
846 3593 1084 3676 popularentur,
1102 3591 1192 3654 dolor
1209 3591 1311 3675 magis
1331 3602 1345 3648 2

288 3697 320 3751 et
337 3683 514 3767 indignatio
528 3682 621 3767 diripi
633 3705 683 3747 res
698 3705 772 3746 suas
788 3694 951 3748 cernentes
960 3683 1098 3758 Histros,
1116 3703 1214 3765 quam
1226 3695 1312 3749 certa

288 3803 361 3866 spes
391 3777 468 3842 satis
500 3775 561 3840 sibi
587 3776 703 3841 virium
735 3776 888 3841 adversus
919 3777 999 3841 duos
1021 3774 1128 3863 [esse]
1155 3780 1312 3844 exercitus

287 3873 414 3942 excivit.
460 3893 616 3935 concursu
643 3892 683 3935 ex
705 3871 852 3935 omnibus
878 3870 1004 3956 populis
1025 3872 1199 3936 iuventutis
1225 3872 1345 3938 faetor

286 3968 471 4055 repentinus
489 3978 521 4031 et
538 3966 761 4031 tumultuarius
779 3966 936 4031 exercitus
954 3966 1057 4030 acrius
1074 3966 1178 4051 primo
1199 3966 1310 4053 inpetu

212 4123 214 4128 .
288 4085 385 4146 quam
402 4061 656 4147 perseverantius
674 4060 840 4146 pugnavit.
872 4061 914 4125 ad
930 4069 1081 4143 quattuor
1097 4061 1184 4126 milia
1201 4081 1345 4127 eorumr

252 4186 256 4195 ¹
287 4156 322 4220 in
339 4156 407 4221 acie
426 4178 533 4231 caesa3
552 4155 649 4220 ceteri
666 4155 782 4219 omisso
801 4154 885 4219 bello
902 4155 936 4219 in
954 4154 1097 4219 civitates
1114 4155 1231 4240 passim
1250 4156 1311 4219 dif-

288 4248 448 4335 fugerunt.
492 4248 566 4313 inde
587 4248 709 4334 legatos
731 4249 869 4344 primum
892 4249 934 4314 ad
955 4270 1066 4334 pacem
1088 4249 1260 4333 petendam
1277 4250 1311 4311 in
