3384 4975
380 502 423 566 98
577 513 695 569 nnana
711 512 1004 580 xxxxm,13.14.
1024 511 1206 579 [anama]

348 671 534 758 aAnagnia
556 671 620 735 duo
641 668 789 755 prodigia
810 690 849 733 eo
873 691 956 732 anno
974 681 1048 733 sunt
1069 669 1227 746 nuntiata,
1250 668 1360 735 facem
1378 673 1412 736 in

382 767 471 831 caelo
488 779 691 849 conspectam
704 776 737 829 et
753 763 870 827 bovem
887 762 1039 826 feminam
1056 764 1210 840 locutam3
1230 762 1336 850 [eam]
1351 789 1412 850 pu-

382 860 464 925 blice
481 860 534 924 ali.
573 858 757 922 Menturnis
774 879 902 940 quoque
919 880 977 942 per
999 878 1054 922 eos
1075 857 1143 922 dies
1165 858 1245 922 caeli
1268 860 1413 926 ardentis

347 975 364 1022 ι
382 955 503 1040 species
520 953 705 1018 adfulserat.
730 952 833 1017 Reate
850 952 945 1015 imbri
961 952 1125 1037 lapidavit.
1153 950 1266 1018 Cumis
1283 955 1319 1018 in
1337 977 1413 1020 arce

381 1049 501 1134 Apollo
514 1048 655 1112 triduum
668 1069 707 1110 ac
723 1047 780 1111 tris
792 1046 895 1111 noctis
912 1047 1099 1111 lacrimavit.
1125 1046 1159 1110 in
1172 1048 1253 1112 urbe
1260 1047 1412 1113 Romana

383 1143 447 1206 duo
469 1135 590 1206 aeditui
610 1141 810 1215 nuntiarunt,
838 1141 918 1204 alter
939 1141 973 1203 in
991 1140 1069 1204 aede
1087 1140 1250 1204 Fortunae
1267 1163 1411 1227 anguem

347 1255 363 1302 5
381 1237 527 1301 iubatum
544 1259 563 1299 a
581 1234 787 1319 conpluribus
809 1234 913 1297 visum
932 1256 1016 1309 esse,
1042 1235 1122 1298 alter
1142 1234 1176 1298 in
1193 1235 1273 1300 aede
1290 1235 1412 1301 Primi·

381 1331 495 1416 geniae
507 1330 681 1404 Fortunae,
698 1350 781 1411 quaa
798 1328 832 1391 in
850 1328 930 1392 colle
948 1340 1007 1402 est,
1025 1328 1089 1391 duo
1107 1328 1233 1392 diversa
1249 1331 1410 1416 prodigia,

380 1425 521 1509 palmam
546 1423 580 1486 in
607 1445 682 1486 area
704 1434 830 1486 enatam
853 1434 885 1486 et
911 1422 1066 1506 sanguine
1092 1422 1230 1487 interdiu
1256 1423 1409 1508 pluvisse.

348 1538 363 1586 6
381 1518 446 1581 duo
460 1539 525 1582 non
543 1528 692 1601 suscepta
708 1516 855 1601 prodigia
867 1527 951 1592 sunt,
970 1517 1115 1591 alterum,
1133 1516 1219 1600 quod
1236 1517 1271 1580 in
1283 1518 1421 1601 privato..

380 1613 453 1676 loco
469 1610 591 1675 factum
614 1621 712 1685 esset,
729 1611 930 1695 -palmam
948 1622 1076 1674 enatam
1098 1609 1123 1695 [
1148 1607 1162 1694 ]
1185 1610 1332 1696 inpluvio
1350 1633 1410 1675 suo

380 1705 421 1768 Τ.
438 1703 582 1769 Marcius
599 1703 736 1788 Figulus
753 1703 921 1767 nuntiabat
937 1740 995 1781 -,
1013 1705 1162 1779 alterum,
1181 1704 1268 1787 quod
1285 1705 1321 1768 in
1337 1705 1411 1768 loco

380 1798 564 1883 peregrino:
581 1796 737 1881 Fregellis
752 1797 786 1860 in
799 1795 894 1861 domo
902 1797 987 1862 Luci
995 1798 1088 1862 Atrei
1106 1797 1208 1873 hasta,
1226 1820 1325 1881 quam
1341 1798 1409 1862 filio

380 1891 472 1954 militi
488 1903 618 1966 emerat,
631 1890 771 1955 interdiu
783 1891 857 1976 plus
875 1892 954 1956 duas
969 1891 1063 1955 horas
1078 1891 1202 1967 arsisse,
1220 1891 1267 1956 ita
1280 1904 1318 1956 ut
1328 1892 1408 1955 nihil

347 2006 363 2054 t
381 1983 449 2049 eius
464 1984 645 2048 ambureret
661 1984 756 2069 ignis,
774 1986 948 2050 dicebatur.
974 1985 1176 2070 publicorum
1188 1985 1409 2070 prodigiorum

382 2100 480 2143 causa
495 2077 569 2141 libri
583 2101 603 2142 a
616 2077 803 2143 decemviris
821 2078 913 2156 aditi;
932 2079 1145 2163 quadraginta
1157 2079 1333 2143 maioribus
1351 2079 1411 2142 ho·

348 2176 438 2238 satis
458 2172 575 2256 quibus
598 2172 659 2236 diis
681 2174 827 2238 consules
852 2173 1065 2237 sacrificarent
1087 2172 1254 2236 ediderrmt
1276 2171 1344 2258 [et]
1362 2173 1409 2235 uti

381 2266 570 2351 supplicatio
587 2265 677 2332 fieret
698 2267 868 2349 cunctique
886 2267 1090 2351 magistratus
1112 2265 1196 2329 circa
1213 2266 1320 2329 omnia
1336 2266 1411 2349 pul·

381 2359 504 2423 vinaria
516 2359 663 2423 victumis
681 2360 854 2423 maioribus
874 2359 1087 2424 sacrificarent
1103 2359 1304 2444 populusque
1316 2379 1412 2422 coro·

381 2464 474 2519 natus
492 2463 586 2517 esset
630 2453 746 2528 omnia,
763 2453 810 2517 uti
828 2453 999 2518 decemviri
1016 2453 1208 2538 praeierunt,
1225 2452 1321 2517 facta.

349 2566 362 2613 1
446 2544 566 2609 ΧΗΗ.
585 2542 781 2611 Censoribus
791 2547 905 2611 deinde
915 2546 1059 2612 creandis
1073 2546 1200 2611 comitia
1209 2546 1315 2609 edicta
1323 2559 1409 2610 sunt.

381 2641 541 2727 petierunt
558 2662 724 2705 censuram
747 2641 907 2726 principes
925 2641 1077 2716 civitatis,
1097 2638 1136 2703 O.
1155 2640 1305 2705 Valerius
1322 2639 1411 2704 Lae·

381 2736 489 2813 vinus,
509 2733 566 2820 Sp.
585 2734 770 2799 Postumius
788 2735 944 2810 Albinus,
961 2735 1001 2797 P.
1019 2734 1150 2798 Mucius
1169 2732 1341 2809 Scaevola,
1359 2734 1409 2797 M.

381 2830 495 2893 Iunius
520 2830 658 2905 Brutus,
687 2827 726 2893 Ο.
756 2825 913 2892 Claudius
938 2827 1093 2903 Pulcher,
1120 2828 1170 2891 Ti.
1199 2826 1412 2911 Sempronius

349 2942 364 2987 ι
384 2920 561 2987 Gracchus.
601 2923 659 2986 hos
678 2924 758 2987 duos
776 2944 923 2987 censores
941 2923 1060 2987 creavit
1077 2922 1213 3007 populus
1231 2921 1410 2985 Romanus.

384 3036 456 3078 cum
474 3015 609 3079 dilectus
626 3016 766 3081 habendi
783 3017 886 3081 maior
902 3038 999 3099 quam
1016 3016 1094 3080 alias
1111 3026 1240 3100 propter
1253 3015 1412 3080 Macedo-

282 3121 284 3124 ’
382 3108 491 3172 nicum
506 3108 628 3173 bellum
645 3131 722 3175 cura
739 3123 837 3187 esset,
860 3111 1006 3175 consules
1023 3111 1149 3194 plebem
1168 3122 1245 3194 aput
1262 3121 1411 3174 senatum

349 3219 365 3267 3
383 3204 586 3280 accusabant,
604 3204 691 3286 quod
704 3214 735 3269 et
752 3205 891 3269 iuniores
909 3226 973 3268 non
990 3205 1225 3288 responderent.
1255 3203 1412 3269 adversus

384 3317 463 3379 quos
478 3294 516 3360 Ο.
528 3296 689 3382 Sulpicius
703 3309 735 3362 et
743 3297 792 3360 M.
803 3295 959 3362 Claudius
977 3310 1137 3386 praetores
1154 3296 1257 3381 plebis
1278 3318 1411 3361 causam

383 3400 531 3475 egerunt:
553 3411 618 3453 non
641 3390 838 3466 consulibus,
862 3391 918 3455 sed
936 3391 1110 3455 ambitiosis
1128 3389 1311 3454 oonsulibus
1330 3390 1411 3454 dile-

384 3494 470 3547 ctum
483 3483 644 3549 difficilem
658 3507 743 3560 esse3
760 3483 921 3548 neminem
933 3484 1069 3548 invitum
1083 3485 1214 3548 militem
1228 3483 1270 3545 ab
1282 3488 1311 3546 is
1329 3484 1410 3548 fieri.

349 3594 365 3640 4
382 3575 416 3640 id
433 3586 469 3640 ut
490 3577 535 3640 ita
553 3599 622 3642 esse
639 3577 757 3643 scirent
774 3588 806 3641 et
822 3589 929 3661 patres
948 3578 1130 3662 conscripti,
1148 3587 1320 3662 praetores,
1339 3578 1412 3660 qui·

381 3670 442 3733 bus
460 3681 492 3734 et
508 3670 557 3733 vis
574 3670 698 3755 imperii
714 3670 819 3734 minor
836 3681 870 3734 et
886 3672 1056 3735 auctoritas
1074 3684 1172 3747 esset,
1196 3670 1365 3746 dilectum,
1385 3670 1412 3733 si

350 3762 429 3830 cita
450 3764 574 3828 senatui
596 3763 772 3838 videretur,
797 3763 995 3846 perfecturos
1022 3786 1101 3828 esse.
1151 3763 1184 3827 id
1209 3763 1413 3849 praetoribus

383 3877 502 3939 magna
517 3864 645 3939 patrum
660 3853 932 3940 {approbatione}
949 3878 1014 3919 non
1032 3857 1099 3921 sine
1113 3856 1316 3941 sugillatione
1335 3876 1413 3920 con·

385 3948 490 4009 sulum
506 3945 693 4010 mandatum
712 3958 770 4010 est.
815 3966 961 4011 censores
978 3958 1015 4009 ut
1036 3968 1107 4011 eam
1125 3972 1192 4013 rem
1211 3949 1412 4024 adiuvarent,

384 4035 430 4099 ita
446 4038 480 4099 in
497 4039 643 4102 contione
660 4040 838 4114 edixerunt,
855 4039 960 4121 legem
974 4041 1082 4101 censui
1096 4041 1255 4105 censendo
1270 4041 1412 4105 dicturos

386 4148 469 4202 esse,
491 4141 528 4190 ut
544 4142 671 4213 praeter
688 4151 856 4193 commune
875 4127 1016 4191 omnium
1035 4131 1152 4195 civium
1170 4134 1220 4198 ius
1238 4134 1409 4197 iurandum

352 4218 465 4289 chaec
489 4220 669 4287 adiurarent
695 4230 745 4285 ‘tu
766 4221 871 4283 minor
892 4220 983 4283 aunis
1006 4244 1062 4284 sex
1084 4237 1116 4287 et
1138 4226 1355 4311 quadraginta
1378 4250 1395 4292 e
