3384 4975
342 508 408 572 144
535 518 653 574 um
669 517 861 585 xxxxull,
877 517 978 571 ΒΞ.
995 519 1180 585 [accim

341 679 455 742 itinere
480 675 651 761 fatigatum
681 688 713 738 et
741 696 839 737 mere
868 673 1005 748 fessum,
1033 675 1216 739 madentem
1240 676 1374 754 sudore,

341 769 755 844 arcndbuasitiImibus,
777 769 1374 855 creatqueoculisrepietispnlrere,

342 880 482 931 torrente
503 864 679 929 merid'nno
700 864 783 938 sole,
809 863 894 926 hosti
913 863 1035 926 obicias
1053 864 1190 939 recenti,
1215 866 1374 946 requieto,

342 959 564 1042 quinullare
586 974 661 1022 ante
682 957 1027 1021 consumtasriresad
1048 958 1375 1040 proeliumadsent?

293 1051 1373 1139 loquuprcdsedmfidemitaconparatumelinersatquein-

343 1145 447 1223 bellis,
464 1146 673 1210 fortissimum
690 1140 1042 1228 virum[non]ricerit?
1063 1145 1245 1227 quidquod
1262 1145 1373 1210 hostes

342 1262 402 1326 per
423 1262 585 1304 summum
606 1239 706 1302 otium
727 1239 943 1301 instruxerant
959 1239 1077 1313 aciern,
1102 1254 1373 1322 praeparaverant

294 1360 324 1406 11
344 1335 483 1410 animos,
508 1334 637 1397 stabant
653 1333 810 1417 conpositi
830 1332 898 1394 suis
914 1333 1052 1414 quisque
1068 1332 1250 1409 ordinibus,
1275 1333 1371 1397 nobis

344 1441 423 1494 tunc
443 1444 574 1513 repente
591 1427 816 1512 trepidandum
837 1427 873 1488 in
888 1426 958 1489 acie
975 1427 1162 1490 instruenda
1183 1440 1253 1491 ent
1269 1439 1302 1492 et
1319 1428 1371 1491 in-

345 1523 528 1607 compositis
545 1520 818 1586 concurrendum?

312 1643 326 1689 1
409 1615 635 1680 XXXVIIII.
667 1616 714 1676 At
740 1614 869 1677 hercule
894 1614 996 1678 aciem
1020 1614 1151 1696 quidem
1176 1615 1372 1678 inconditam

344 1710 620 1791 inordinatamque
647 1707 885 1782 habuissemus,
911 1722 1016 1770 castra
1040 1708 1180 1783 munita,
1210 1709 1373 1792 provisam

345 1803 558 1886 aquationem,
575 1816 680 1866 tutum
693 1802 736 1865 ad
750 1824 823 1865 eam
838 1802 899 1865 iter
911 1803 1077 1886 praesidiis
1089 1803 1244 1886 inpositis,
1262 1804 1373 1887 explo-

345 1909 416 1961 rata
432 1896 517 1960 circa
533 1897 656 1972 omnia;
674 1919 716 1959 an
727 1895 806 1959 nihil
823 1896 924 1959 nostri
940 1896 1094 1960 habentes
1110 1913 1237 1981 praeter
1248 1897 1372 1959 nudum

312 2014 328 2061 a
346 2013 505 2076 campum,
522 1990 639 2073 inquo
656 1990 893 2075 pugnaremus?
909 1991 1045 2054 maiores
1063 1991 1161 2054 vestri
1178 2006 1284 2053 castra
1300 2013 1372 2053 mu·

344 2086 413 2150 nita
441 2097 570 2170 portum
600 2086 643 2149 ad
668 2085 772 2149 omnis
798 2107 892 2148 casus
918 2085 1074 2149 exercitus
1106 2085 1266 2148 ducebant
1291 2107 1371 2160 esse,

346 2179 432 2244 unde
449 2180 492 2243 ad
509 2201 652 2264 pugnam
669 2179 809 2255 exirent,
830 2200 895 2260 quo
912 2179 1021 2242 iactati
1038 2190 1226 2262 tempestate
1242 2200 1373 2263 pugnae

312 2296 329 2343 a
346 2285 509 2357 receptum
527 2273 691 2336 haberent.
717 2272 791 2336 ideo
808 2294 883 2336 cum
900 2273 1105 2337 munimentis
1120 2295 1159 2336 ea
1171 2272 1373 2357 saepsissent,

346 2367 505 2453 praesidio
522 2387 650 2449 quoque
668 2366 774 2430 valido
791 2366 971 2441 firmabant,
988 2367 1076 2447 quod
1093 2368 1149 2450 qui
1166 2366 1275 2430 castris
1291 2387 1374 2428 exu-

346 2472 399 2526 tus
416 2472 500 2536 erat,
518 2459 642 2526 etiamsi
659 2459 833 2545 pugnando
851 2459 919 2525 acie
936 2460 1078 2538 vicisset,
1096 2483 1154 2545 pro
1172 2462 1256 2525 ricto
1273 2459 1373 2523 habe-

346 2566 443 2621 retur.
470 2566 575 2619 castra
592 2567 666 2619 sunt
683 2555 796 2619 victori
812 2555 1060 2639 receptaculum,
1078 2555 1161 2619 victo
1178 2554 1372 2639 perfugium.

313 2672 445 2733 squam
470 2648 564 2713 multi
590 2648 762 2724 exercitus,
793 2648 910 2731 quibus
936 2648 1042 2712 minus
1068 2670 1220 2733 prospera
1245 2670 1374 2732 pugnae

348 2745 477 2809 fortuna
494 2743 569 2818 fuit,
595 2743 679 2807 intra
696 2744 816 2806 vallum
833 2743 992 2828 conpulsi,
1018 2754 1159 2826 tempore
1178 2763 1253 2817 suo,
1274 2742 1374 2805 inter-

349 2838 426 2902 dum
452 2847 613 2900 momento
639 2848 726 2919 post,
757 2837 923 2921 eruptione
953 2836 1039 2899 facta
1064 2837 1217 2900 victorem
1247 2835 1374 2898 hostem

315 2952 331 2998 5
349 2930 558 3015 pepulerunt?
579 2930 682 3014 patria
700 2932 800 2995 altera
812 2942 862 2995 est
879 2930 1022 2993 militaris
1040 2930 1119 2993 haec
1133 2931 1224 2994 sedes
1237 2929 1375 2992 vallum-

350 3045 412 3106 que
430 3044 488 3107 pro
501 3023 667 3088 moenibus
682 3036 715 3089 et
732 3025 900 3089 tentorium
914 3046 1008 3088 suum
1022 3025 1137 3106 cuique
1154 3024 1246 3087 militi
1259 3022 1374 3085 domus

350 3138 388 3181 ac
411 3126 541 3200 penates
563 3129 647 3181 sunt.
692 3119 760 3183 sine
782 3120 849 3182 ulla
866 3118 941 3182 sede
960 3119 1034 3202 vagi
1058 3119 1311 3192 dimicassemus,
1338 3128 1375 3179 ut

317 3231 414 3295 aquo
432 3210 566 3275 victores
589 3233 647 3276 nos
669 3213 901 3297 reciperemus?
936 3212 985 3276 his
1007 3212 1248 3276 difficultatibus
1266 3222 1299 3274 et
1315 3212 1375 3273 im-

349 3303 539 3389 pedimentis
561 3326 690 3390 pugnae
711 3307 792 3370 illud
813 3306 993 3391 opponitur.
1038 3307 1115 3388 quid
1138 3306 1166 3369 si
1192 3305 1291 3369 hostis
1313 3304 1376 3368 hac

349 3398 535 3484 interposita
556 3412 649 3463 nocte
672 3399 809 3465 abisset?
839 3411 995 3483 quantum
1017 3423 1125 3464 rursus
1149 3399 1313 3482 sequendo
1335 3420 1374 3460 eo

352 3493 479 3578 penitus
501 3492 535 3557 in
561 3494 705 3560 ultimam
728 3494 955 3560 Macedoniam
980 3494 1230 3559 exhauriendum
1256 3492 1375 3555 laboris

318 3586 433 3656 terat!
461 3608 522 3673 ego
545 3599 653 3653 autem
674 3610 779 3672 neque
801 3612 987 3655 mansurum
1005 3612 1079 3653 eum
1095 3609 1199 3669 neque
1221 3587 1255 3649 in
1273 3586 1375 3650 aciem

350 3681 459 3766 copias
483 3681 673 3746 educturum
698 3683 797 3750 fuisse
819 3696 949 3749 certum⁴
965 3684 1083 3760 habeo,
1110 3684 1138 3747 si
1163 3683 1275 3746 cedere
1302 3681 1376 3745 hino

351 3774 523 3840 statuisset.
567 3790 686 3858 quanto
709 3778 793 3842 enim
815 3776 940 3842 facilius
964 3776 1051 3840 abire
1069 3777 1145 3853 fuit,
1172 3799 1245 3840 cum
1263 3774 1376 3860 procul

317 3889 333 3935 8
352 3867 550 3944 abessemus,
572 3890 671 3952 quam
692 3893 792 3947 nunc,
814 3893 888 3935 curn
909 3872 943 3934 in
966 3870 1141 3934 cervicibus
1159 3870 1289 3933 sumus?
1315 3890 1375 3933 nec

351 3956 461 4025 fallere
478 3983 536 4025 nos
554 3962 691 4027 interdiu
709 3977 764 4029 aut
781 3976 874 4029 nocte
888 3961 1052 4048 abeund[o
1065 3976 1179 4048 potest.
1206 3965 1285 4047 quid
1302 3959 1377 4047 au]-

352 4058 418 4112 tem
434 4064 482 4115 est
503 4055 595 4120 nobis
613 4058 751 4141 optatius
774 4078 871 4141 quam
892 4066 926 4120 ut
951 4076 1086 4138 quorum
1109 4070 1213 4123 castra
1234 4057 1378 4142 praealta

352 4142 490 4209 fluminis
509 4148 578 4232 rIpa
595 4162 678 4227 tuta,
704 4152 788 4216 vallo
804 4152 935 4234 insuper
956 4162 1066 4235 saepta
1086 4149 1153 4237 [ac]
1172 4152 1291 4217 crebris
1309 4166 1378 4214 tur·

352 4236 455 4314 ribus,
479 4259 664 4325 oppugnare
687 4244 789 4310 adorti
806 4264 930 4322 sumus,
953 4264 1008 4309 eos
1025 4246 1143 4311 relictis
1160 4245 1377 4320 munimentis,
