3384 4975
487 535 604 591 amna
620 498 1108 604 xxxxnn‚ao-41.[a.o.1es1
1248 510 1316 587 145

284 695 413 781 agmine
439 693 542 759 effuso
568 691 715 756 abeuntis
740 690 776 753 in
800 689 983 774 patentibus
1009 690 1129 774 campis
1153 690 1193 753 ab
1220 700 1311 776 tergo

283 789 486 854 adoriamur?
503 787 565 850 hae
580 785 696 848 dilatae
713 805 841 869 pugnae
857 805 898 848 ex
912 782 1060 847 hesterno
1075 779 1125 848 die
1139 784 1173 847 in
1186 783 1313 849 hodier-

282 905 365 947 num
383 902 497 946 causae
520 880 659 943 fuerunt.
704 899 849 962 pugnare
868 876 953 940 enim
970 887 1002 940 et
1018 876 1080 961 ipsi
1097 877 1175 940 mihi
1192 879 1311 961 placet3
1331 898 1347 947 a

285 986 320 1038 et
335 976 425 1051 ideo,
451 973 527 1056 quia
547 992 606 1056 per
622 970 762 1055 Elpeum
784 993 911 1035 amnem
929 982 1039 1055 saepta
1057 971 1099 1034 ad
1119 970 1244 1036 hostem
1261 971 1316 1035 via

289 1078 372 1144 erat,
399 1067 461 1130 alio
480 1068 578 1142 saltu,
605 1065 734 1129 deiectis
756 1064 897 1128 hostium
914 1064 1093 1149 praesidiis,
1120 1086 1237 1129 novom
1254 1065 1315 1129 iter

286 1161 409 1245 aperui,
427 1182 532 1241 neque
550 1158 736 1243 priusquam
754 1158 955 1223 debellavere
975 1158 1146 1222 absistam?

351 1252 510 1331 XXXX.
536 1251 618 1316 Post
634 1252 717 1316 hanc
735 1251 909 1315 orationem
928 1251 1088 1315 silentium
1105 1252 1181 1328 fuit,
1198 1252 1314 1337 partim
1333 1275 1347 1322 1

285 1346 441 1410 traductis
455 1346 489 1409 in
499 1345 690 1409 sententiam
700 1345 778 1421 eius,
793 1346 910 1430 partim
924 1345 1107 1434 verentibus
1121 1347 1316 1428 nequiquam

282 1440 450 1504 offendere
472 1439 506 1502 in
524 1461 562 1503 eo
585 1439 671 1522 quod
694 1451 868 1522 utcumque
890 1440 1149 1524 praetermissum
1171 1440 1316 1505 revocari

288 1555 354 1598 non
374 1545 492 1618 posset.
536 1555 574 1598 ao
591 1557 632 1598 ne
654 1535 709 1597 illo
731 1534 801 1617 ipso
819 1535 949 1617 quidem
972 1534 1024 1598 die
1042 1545 1098 1598 aut
1116 1534 1238 1598 consuli
1260 1543 1317 1597 aut
1334 1554 1350 1602 2

285 1628 357 1712 regi
377 1626 534 1711 [pugnare
551 1628 684 1711 placuit,
711 1625 795 1712 regi]
814 1628 901 1710 quod
924 1649 984 1691 neo
1001 1627 1117 1704 fessos,
1144 1638 1180 1691 ut
1202 1627 1315 1711 pridie,

289 1743 330 1784 ex
351 1722 404 1785 via
429 1744 533 1805 neque
555 1722 742 1806 trepidantis
768 1722 803 1785 in
829 1721 896 1786 acie
919 1721 1106 1785 instruenda
1128 1731 1161 1785 et
1182 1721 1316 1785 vixdum

286 1816 479 1900 compositos
494 1817 701 1899 adgressurus
712 1826 789 1891 erat,
806 1816 937 1888 consuli,
952 1816 1039 1899 quod
1051 1815 1084 1878 in
1098 1815 1189 1879 novis
1205 1814 1315 1879 castris

288 1930 354 1972 non
367 1909 465 1992 ligna,
479 1931 544 1971 non
557 1911 709 1993 pabulum
725 1922 914 1974 convectum
929 1922 1005 1986 erat,
1025 1911 1066 1973 ad
1081 1932 1163 1993 quae
1178 1909 1317 1994 petenda

289 2025 331 2065 ex
348 2002 533 2085 propinquis
552 2004 637 2086 agris
652 2026 771 2087 magna
788 2026 862 2087 pars
878 2004 1014 2066 militum
1029 2025 1046 2066 e
1061 2004 1170 2067 castris
1187 2003 1315 2067 exierat.

289 2106 403 2158 neutro
425 2095 653 2178 imperatorum
674 2098 801 2159 volente
825 2096 967 2170 fortuna,
991 2117 1073 2178 quae
1094 2097 1166 2178 plus
1190 2095 1316 2159 consilis
1335 2116 1350 2162 3

289 2187 438 2252 humanis
465 2189 577 2272 pollet,
605 2189 762 2252 contraxit
784 2201 954 2253 certamen.
998 2189 1117 2252 flumen
1140 2199 1208 2252 erat
1228 2187 1351 2256 haud4

286 2305 443 2366 magnum
465 2282 597 2366 propius
619 2282 758 2346 hostium
777 2284 902 2360 castris,
926 2305 967 2347 ex
989 2304 1052 2365 quo
1072 2293 1103 2346 et
1120 2282 1317 2346 Macedones

290 2385 323 2439 et
340 2376 478 2438 Romani
496 2377 697 2458 aquabantur
713 2377 878 2462 praesidiis
897 2400 937 2442 ex
955 2388 1090 2460 utraque
1107 2377 1177 2460 ripa
1193 2374 1316 2461 positis,

291 2478 328 2531 ut
345 2468 378 2531 id
395 2466 501 2533 facere
519 2480 587 2533 tuto
612 2483 751 2555 possent.
788 2471 871 2536 duae
889 2471 1034 2536 cohortes
1052 2481 1178 2555 aparte
1196 2469 1317 2533 Roma·
1335 2491 1350 2539 5

292 2582 407 2624 norum
424 2574 523 2637 erant,
537 2563 724 2628 Marrucina
738 2565 943 2649 etPaeligna,
963 2566 1045 2628 duae
1059 2574 1181 2627 turmae
1192 2563 1319 2627 Samni·

291 2654 372 2717 tium
390 2655 542 2737 equitum,
561 2656 677 2737 quibus
695 2669 841 2739 praeerat
858 2657 907 2719 M.
923 2657 1056 2741 Sergius
1072 2656 1158 2721 Silus
1176 2657 1317 2740 legatus3

290 2757 324 2811 et
341 2748 428 2809 aliud
446 2769 504 2831 pro
523 2749 633 2812 castris
652 2750 800 2813 stativom
819 2762 887 2814 erat
904 2749 1098 2834 praesidium
1116 2748 1175 2812 sub
1187 2747 1225 2811 C.
1236 2746 1316 2812 Olu·
1334 2773 1350 2819 e

291 2840 343 2905 vio
360 2842 477 2925 legato,
497 2851 559 2905 tres
574 2843 729 2919 cohortes,
744 2844 904 2920 Firmana,
923 2845 1065 2920 Vestina,
1082 2841 1318 2919 Cremonensis,

292 2933 374 2998 duae
384 2947 507 2999 turmae
518 2937 671 3018 equitum,
685 2937 874 3002 Placentina
883 2950 914 3002 et
922 2938 1111 3002 Aesernina.
1135 2959 1209 3001 cum
1218 2938 1317 3001 otium
1337 2961 1352 3006 7

289 3028 333 3091 ad
351 3029 470 3092 fiumen
489 3040 572 3093 esset
593 3032 713 3095 neutris
730 3032 974 3109 lacessentibus,
996 3032 1075 3095 hora
1094 3031 1217 3095 circiter
1234 3053 1321 3094 nona

292 3123 469 3189 iumentum
493 3148 510 3189 e
533 3127 680 3190 manibus
708 3128 888 3192 curantium
912 3129 1055 3212 elapsum
1081 3127 1115 3190 in
1137 3126 1319 3190 ulteriorem

294 3218 398 3302 ripam
420 3219 541 3303 effugit
587 3221 673 3303 quod
698 3244 771 3284 cum
793 3245 851 3305 per
869 3244 986 3305 aquam
1004 3222 1103 3285 ferme
1122 3231 1318 3308 genutenus
1337 3240 1353 3286 8

290 3312 391 3375 altam
409 3327 472 3377 tres
490 3316 605 3379 milites
624 3316 840 3397 sequerentur,
860 3316 999 3380 Threces
1014 3316 1077 3378 duo
1092 3315 1125 3376 id
1142 3315 1320 3377 iumentum

294 3428 335 3469 ex
355 3408 460 3470 medio
485 3409 575 3471 alveo
598 3409 630 3470 in
658 3432 749 3471 suam
775 3410 877 3493 ripam
900 3409 1059 3472 trahentes
1079 3404 1193 3491 [....],
1221 3408 1320 3468 altero

295 3519 405 3560 eorum
420 3501 523 3562 occiso
536 3510 728 3582 receptoque
743 3524 780 3563 eo
794 3502 934 3564 iumento
948 3500 989 3563 ad
1009 3499 1175 3564 stationem
1190 3518 1322 3559 suorum

296 3587 363 3674 [se]
381 3592 585 3673 recipiebant.
626 3594 879 3677 octingentorum
897 3594 1059 3655 Thracum
1076 3591 1270 3676 praesidium
1287 3590 1321 3653 in
1340 3609 1354 3655 9

296 3682 435 3745 hostium
459 3685 529 3768 ripa
547 3697 624 3749 erat.
668 3708 709 3747 ex
726 3687 774 3748 his
793 3686 887 3769 pauci
904 3687 1022 3769 primo,
1047 3708 1141 3768 aegre
1159 3684 1244 3767 passi
1263 3706 1321 3767 po·

296 3778 442 3863 pularem
463 3778 496 3841 in
518 3800 576 3843 suo
600 3791 771 3863 conspectu
795 3802 937 3855 caesum,
960 3781 1002 3843 ad
1019 3778 1254 3863 persequendos
1272 3777 1320 3840 in·

296 3871 481 3937 terfectores
495 3873 629 3936 fluvium
642 3874 830 3958 transgressi
846 3885 930 3951 sunt,
940 3873 1014 3937 dein
1027 3874 1144 3959 pluteo,
1159 3882 1318 3955 postremo
1338 3890 1371 3938 10

297 3988 419 4041 omnes,
438 3979 468 4030 et
487 3990 560 4030 cum
577 3968 734 4051 praesidio
752 3965 777 4052 [
789 4015 797 4029 .
808 4014 816 4031 .
827 3964 852 4052 .]

362 4059 538 4124 XXXXI.
566 4059 653 4147 [....]
667 4062 823 4146 proelium
837 4061 934 4125 ducit.
961 4059 1112 4124 movebat
1128 4058 1240 4142 imperi
1253 4082 1321 4124 ma·
1340 4079 1354 4124 1

296 4154 404 4229 iestas,
417 4156 520 4239 gloria
534 4156 603 4233 viri,
622 4169 694 4220 ante
708 4158 815 4220 omnia
828 4169 927 4232 aetas,
942 4155 1028 4238 quod
1041 4154 1143 4217 maior
1156 4154 1321 4238 sexaginta

295 4248 390 4327 aunis
407 4248 559 4315 iuvenum
572 4251 681 4315 munia
694 4252 728 4315 in
744 4262 834 4337 parte
852 4251 1024 4336 praecipua
1039 4248 1156 4312 laboris
1175 4248 1322 4331 periculi-

350 4347 491 4393 larirotll'.
1077 4347 1111 4401 10
