3384 4975
375 469 382 486 .
495 515 1113 585 LIBERXXXXHH,28.29.[ac.1cs]
1256 491 1352 570 133'

296 682 379 745 forte
396 691 522 765 postero
540 677 592 741 die
610 697 707 759 quam
726 673 851 739 Subota
868 674 977 737 classis
995 672 1110 750 tenuit,
1128 674 1268 757 quinque
1287 685 1319 739 et
1338 697 1351 742 r

296 775 426 859 triginta
442 794 550 846 naves,
568 791 648 852 quas
666 769 868 852 hippagogus
886 777 1015 842 vocant,
1035 767 1075 830 ab
1095 766 1196 832 Elaea
1212 763 1318 853 profe-

297 884 366 932 ctae
381 888 454 930 cum
467 863 626 946 equitibus
637 860 740 926 Gallis
754 861 908 944 equisque
922 859 1052 923 Phanas
1065 862 1318 944 promunturium

299 958 453 1024 Chiorum
465 956 625 1041 petebant,
640 954 724 1018 unde
739 954 951 1021 transmittere
966 953 999 1015 in
1008 953 1232 1017 Macedoniam
1246 976 1319 1038 pos-

299 1063 378 1116 sent.
422 1049 532 1112 Attalo
556 1044 596 1111 ab
619 1046 765 1111 Eumene
791 1047 1006 1110 mittebantur.
1055 1046 1113 1110 has
1138 1068 1236 1110 naves
1262 1067 1352 1131 pers

299 1145 399 1208 altum
412 1143 487 1206 ferri
502 1163 575 1206 cum
589 1163 629 1205 ex
644 1141 773 1225 specula
791 1140 918 1223 signum
932 1139 1042 1203 datum
1055 1139 1212 1204 Antenori
1226 1151 1319 1216 esset,

297 1235 459 1321 profectus
490 1234 532 1298 ab
558 1231 689 1298 Subotis
719 1233 801 1296 inter
826 1232 1039 1316 Erythrarum
1064 1222 1319 1315 promuntuiium

299 1324 490 1409 Chiumque,
508 1346 573 1408 qua
590 1326 782 1391 artissimum
799 1326 916 1391 fretum
935 1337 998 1402 est,
1016 1329 1043 1388 is
1062 1327 1206 1389 occurrit.
1242 1325 1352 1391 nihilo
1451 1372 1454 1376 -

296 1422 402 1485 minus
420 1420 548 1484 credere
565 1419 718 1503 praefecti
727 1418 881 1483 Eumenis
899 1440 996 1509 quam
1004 1419 1221 1483 Macedonum
1239 1420 1320 1483 olas-

298 1539 365 1581 sem
382 1516 416 1578 iu
432 1514 487 1578 illo
505 1514 615 1598 vagari
633 1514 726 1576 mari:
745 1536 831 1577 nunc
849 1513 1010 1578 Romanos
1029 1536 1108 1590 esse,
1126 1537 1211 1577 nunc
1225 1513 1320 1577 Atta-

297 1611 379 1686 lum,
402 1618 458 1672 aut
474 1608 622 1671 remissos
641 1606 764 1689 aliquos
782 1607 824 1670 ab
841 1607 952 1671 Attalo
976 1631 1015 1672 ex
1038 1608 1147 1674 castris
1166 1607 1319 1670 Romanis

298 1701 494 1787 Pergamum
506 1711 623 1785 petere.
651 1701 708 1763 sed
722 1722 794 1763 cum
807 1699 872 1763 iam
881 1700 1202 1786 adpropinquantium
1215 1699 1319 1764 forma
1338 1719 1369 1766 10

298 1795 475 1858 lemborum
501 1794 588 1857 haud
611 1793 708 1856 dubia
731 1805 815 1858 esset
836 1805 868 1857 et
891 1793 1058 1857 concitatio
1079 1815 1240 1858 remorum
1263 1793 1319 1858 dc·

299 1884 466 1970 rectaeque
483 1887 517 1950 in
535 1909 569 1950 se
586 1910 699 1971 prorae
717 1887 816 1950 hostis
836 1888 1091 1973 adpropinquare
1110 1888 1317 1973 aperuissent,

299 1992 375 2045 tunc
387 1981 502 2044 iniecta
516 1982 682 2065 trepidatio
692 1992 748 2044 est.
776 2003 850 2044 cum
864 1981 1029 2046 resistendi
1043 2004 1115 2065 spes
1129 1981 1317 2057 nullacsset,
1338 1999 1368 2047 11

298 2073 492 2155 inhabilique
509 2074 640 2136 navium
657 2096 774 2157 genere
792 2085 823 2137 et
842 2072 944 2138 Gallis
962 2075 1017 2136 vix
1034 2074 1172 2156 quietem
1190 2074 1319 2138 ferenti-

300 2165 409 2230 busin
426 2167 521 2243 mari,
548 2189 622 2253 pars
640 2189 766 2243 eorum,
792 2167 848 2249 qui
865 2167 1028 2250 propiores
1046 2168 1217 2231 continenti
1234 2169 1319 2231 litori
1338 2185 1368 2231 12

298 2271 397 2337 erant,
415 2260 449 2323 in
465 2259 676 2344 Erythraeam
694 2272 838 2336 enarunt,
857 2282 930 2345 pars
949 2261 1027 2324 velis
1045 2261 1126 2324 datis
1145 2261 1185 2325 ad
1200 2258 1318 2325 Chium

297 2376 395 2417 naves
414 2354 548 2428 eiecere,
571 2354 751 2436 relictisque
770 2354 859 2437 equis
882 2354 984 2419 effusa
1006 2355 1084 2440 fuga
1102 2354 1213 2418 urbem
1231 2364 1319 2440 pete-

297 2447 384 2511 bant.
421 2447 477 2512 sed
493 2447 624 2533 propius
641 2449 754 2513 urbem
776 2449 873 2514 lembi
892 2471 1085 2533 accessuque
1105 2449 1318 2514 commodiore
1338 2464 1368 2510 13

299 2562 373 2603 cum
390 2541 611 2624 exposuissent
624 2553 771 2617 armatos,
790 2543 905 2626 partim
923 2544 1022 2606 invia
1039 2543 1197 2627 fugientes
1209 2542 1319 2607 Gallos

299 2633 406 2718 adepti
414 2633 610 2698 Macedones
620 2634 812 2710 ceciderunt,
821 2636 936 2719 partim
947 2647 1019 2699 ante
1029 2644 1154 2719 portam
1163 2637 1318 2698 exclusos.

299 2727 476 2790 clauserant
494 2726 578 2790 enim
598 2724 672 2791 Chii
688 2735 812 2811 portas,
830 2728 933 2812 ignari
956 2728 1011 2811 qui
1033 2728 1182 2812 fugerent
1200 2739 1255 2792 aut
1271 2750 1320 2792 se-

298 2829 479 2903 querentur.
507 2821 680 2906 octingenti
693 2822 794 2886 ferme
805 2819 973 2885 Gallorum
987 2821 1094 2897 occisi,
1114 2822 1242 2887 ducenti
1255 2820 1320 2885 vivi
1338 2837 1369 2885 14

299 2915 381 2999 capti
387 2938 396 2990 3
416 2914 489 2996 equi
506 2937 579 2999 pars
597 2916 630 2978 in
643 2916 725 2978 mari
743 2915 851 2979 fractis
865 2914 1000 2979 navibus
1014 2916 1184 3001 absumpti,
1204 2914 1319 3000 partim
1453 2918 1455 2921 ’

298 3029 411 3071 nervos
430 3008 631 3073 succiderunt
649 3011 683 3073 in
700 3010 792 3076 litore
810 3009 1015 3076 Macedones.
1051 3009 1165 3095 viginti
1183 3009 1316 3074 eximiae
1337 3025 1367 3072 15

299 3122 397 3183 equos
415 3101 536 3166 formae
558 3124 631 3166 cum
649 3104 782 3188 captivis
800 3105 929 3169 eosdem
947 3104 1058 3169 decem
1075 3104 1210 3179 lembos,
1237 3124 1316 3185 quos

300 3207 372 3258 ante
389 3196 531 3273 miserat,
550 3198 696 3262 Antenor
714 3199 870 3265 devehere
887 3199 1147 3265 Thessalonicam
1165 3198 1269 3271 iussit,
1288 3207 1319 3260 et

300 3288 401 3373 primo
420 3310 546 3372 quoque
564 3302 704 3376 tempore
723 3294 763 3355 ad
778 3296 912 3358 classem
926 3294 1055 3358 reverti:
1074 3290 1194 3355 Phanis
1213 3314 1247 3354 se
1258 3312 1319 3354 -eos
1338 3306 1368 3352 16
1428 3316 1431 3321 ·

301 3394 566 3467 exspectaturum.
597 3386 738 3448 triduum
755 3387 856 3451 ferme
875 3388 983 3450 classis
1002 3387 1043 3449 ad
1060 3385 1171 3448 urbem
1191 3381 1318 3467 [stetit].

301 3475 430 3539 Phanas
447 3476 522 3540 inde
539 3479 699 3560 progressi
717 3491 800 3555 sunt,
818 3491 851 3543 et
869 3500 924 3561 spe
944 3479 1075 3541 celerius
1093 3477 1245 3564 regressis
1264 3475 1319 3537 de-

304 3589 371 3630 cem
388 3569 501 3631 lembis
519 3570 622 3632 evecti
638 3571 771 3653 Aegaeo
788 3571 869 3634 mari
887 3570 1007 3633 Delum
1025 3569 1225 3631 traiecerunt.

365 3658 552 3725 XXVIIII.
584 3662 674 3725 Dum
699 3662 778 3727 haec
803 3673 972 3748 geruntur,
998 3661 1095 3746 legati
1121 3659 1258 3725 Romani
1281 3656 1352 3722 C.1

302 3753 458 3836 Popillius
476 3764 508 3817 et
526 3750 564 3817 C.
575 3754 741 3819 Decimius
759 3767 791 3820 et
809 3754 847 3820 C.
863 3754 1020 3819 Hostilius
1038 3777 1058 3817 a
1077 3752 1230 3818 Chalcide
1247 3774 1320 3837 pro-

302 3848 378 3912 fecti
392 3849 491 3911 tribus
506 3849 786 3932 quinqueremibus
794 3851 916 3915 Delum
929 3870 1001 3913 cum
1015 3848 1185 3924 venissent,
1199 3846 1320 3910 lembos

302 3943 347 4005 ibi
368 3942 585 4006 Macedonum
611 3944 821 4029 quadraginta
844 3954 876 4007 et
898 3944 1038 4027 quinque
1059 3941 1144 4026 regis
1166 3939 1319 4004 Eumenis

303 4036 538 4118 quinqueremis
568 4037 765 4101 invenerunt.
819 4038 969 4102 sanctitas
1000 4036 1109 4120 templi
1134 4034 1351 4117 insulaequer

302 4129 468 4193 inviolatos
486 4130 667 4214 praestabat
683 4154 802 4197 omnes.
828 4132 937 4213 itaque
954 4129 1102 4215 permixti
1119 4126 1319 4209 Romanique

303 4235 336 4287 et
352 4225 546 4291 Macedones
569 4235 601 4290 et
617 4225 771 4291 Eumenis
788 4226 918 4290 navales
937 4224 1021 4305 socii
1031 4223 1065 4290 in
1082 4224 1210 4309 templo,
1228 4222 1320 4286 indu-
