3384 4975
343 505 383 572 16
517 518 634 575 LIBER
650 517 794 588 ΧΧΧΧΙ,
814 518 912 572 17.18.
932 521 1008 586 [au.
1018 535 1042 572 c.
1053 517 1184 588 arsam]

307 677 563 763 zproconsulem
588 675 622 740 in
640 675 780 741 Galliam
807 675 964 760 proficisci
990 675 1097 752 iussit,
1127 688 1159 739 et
1181 677 1367 743 duumviros

339 772 470 836 navales
489 793 563 834 cum
580 770 679 834 classe
697 769 791 833 Pisas
808 769 869 846 ire,
892 769 947 852 qui
964 768 1125 854 Ligurum
1144 791 1247 847 oram,
1270 774 1361 836 maris

339 875 464 929 tumum
482 885 610 947 quoque
627 874 779 928 terrorem
797 863 1013 939 admoventes,
1033 862 1362 931 circumvectarentur.

305 979 322 1026 8
341 960 453 1024 eodem
471 958 564 1023 Pisas
582 969 615 1022 et
628 956 670 1039 Q
685 957 840 1036 Petillius,
851 956 962 1020 consul
979 956 1021 1020 ad
1039 958 1292 1023 conveniendum
1311 983 1367 1024 ex-

305 1073 321 1118 9
341 1053 452 1117 ercitui
471 1048 585 1138 [diem]
604 1051 755 1115 edixerat.
792 1062 823 1116 et
842 1049 880 1115 C.
898 1047 1053 1114 Claudius
1070 1053 1240 1137 proconsul
1258 1053 1367 1118 audita

340 1146 511 1211 rebellione
530 1145 690 1229 Ligurum
708 1155 834 1228 praeter
853 1167 905 1206 eas
925 1144 1042 1228 copias,
1061 1166 1141 1227 quas
1160 1168 1268 1209 secum
1284 1146 1366 1210 Par-

340 1262 411 1303 mae
433 1239 587 1313 habebat,
611 1238 759 1302 subitaris
783 1238 921 1302 collectis
944 1238 1112 1315 militibus,
1132 1239 1305 1304 exercitum
1324 1241 1366 1304 ad

340 1335 418 1398 fines
435 1334 596 1417 Ligurum
614 1333 764 1396 admovit.

306 1449 320 1494 r
402 1426 535 1492 XVIII.
559 1427 678 1490 Hostes
688 1425 748 1489 sub
758 1425 931 1489 adventum
940 1423 979 1490 C.
992 1423 1118 1502 Claudi,
1133 1448 1224 1509 aquo
1235 1427 1316 1492 duce
1330 1451 1365 1494 se

339 1520 550 1588 meminerant
567 1543 670 1604 nuper
689 1520 731 1584 ad
741 1517 948 1584 Scultennam
966 1521 1086 1584 flumen
1103 1521 1202 1584 victos
1220 1521 1365 1606 fugatos-

224 1636 226 1641 ’
340 1637 412 1698 que,
421 1616 564 1679 locorum
577 1614 680 1697 magis
694 1613 852 1698 praesidio
862 1613 1014 1678 adversus
1024 1613 1192 1679 infeliciter
1202 1627 1364 1699 expertam

339 1710 405 1773 vim
430 1730 528 1791 quam
554 1708 649 1770 armis
677 1730 710 1772 se
738 1707 913 1783 defensuri,
941 1707 1020 1772 duos
1046 1724 1169 1773 montes
1192 1708 1311 1772 Letum
1333 1722 1365 1774 et

305 1823 321 1867 ‘2
339 1801 507 1867 Ballistam
529 1813 695 1886 ceperunt,
716 1822 872 1883 muroque
894 1801 1025 1886 insuper
1046 1801 1194 1886 amplexi.
1243 1803 1364 1867 tardius

340 1919 381 1960 ex
398 1895 484 1981 agris
503 1895 716 1980 demigrantes
734 1894 877 1979 oppressi
895 1893 936 1957 ad
953 1893 1040 1958 mille
1054 1905 1086 1958 et
1100 1896 1264 1980 quingenti
1280 1895 1365 1980 peri-

305 2009 321 2054 3
340 2000 446 2065 erunt3
465 1988 561 2054 ceteri
578 1987 739 2052 montibus
753 2010 787 2051 se
805 1987 965 2063 tenebant,
985 1998 1016 2052 et
1029 2010 1069 2052 ne
1086 1987 1120 2051 in
1134 1999 1221 2052 metu
1234 1989 1365 2071 quidem

339 2081 473 2148 feritatis
494 2081 655 2167 ingenitae
673 2081 762 2146 obliti
785 2081 931 2145 saeviunt
947 2081 981 2145 in
998 2082 1165 2166 praedam,
1188 2104 1269 2164 quae
1287 2081 1365 2146 Mu·

339 2177 424 2241 tinae
446 2187 537 2262 parta
559 2188 635 2241 erat.
684 2174 825 2260 captivos
850 2198 923 2240 cum
944 2175 1039 2240 foeda
1061 2175 1251 2240 laceratione
1268 2175 1365 2240 inter-

338 2273 458 2347 ficiunt,
476 2294 592 2356 pecora
608 2271 642 2334 in
659 2271 742 2335 fanis
761 2271 921 2334 trucidant
938 2269 1044 2333 verius
1061 2264 1180 2354 passim
1194 2292 1291 2353 quam
1305 2272 1363 2337 rite

304 2384 321 2428 4
339 2364 527 2427 sacrificant.
556 2364 661 2427 satiati
675 2364 771 2428 caede
787 2363 1005 2440 animantium,
1025 2386 1107 2446 quae
1121 2364 1262 2429 inanima
1275 2377 1365 2431 erant

339 2456 512 2541 parietibus
527 2458 691 2543 adfligunt,
709 2479 786 2521 vasa
800 2457 902 2521 omnis
920 2457 1045 2542 generis
1061 2458 1134 2521 usui
1150 2458 1253 2544 magis
1267 2481 1364 2544 quam

305 2568 321 2614 5
339 2563 523 2616 ornamento
541 2552 574 2615 in
592 2551 731 2636 speciem
747 2552 841 2616 facta.
887 2550 929 2633 Q
947 2551 1093 2616 Petillius
1112 2553 1231 2629 consul,
1249 2577 1290 2619 ne
1308 2555 1364 2619 ab·

340 2656 429 2711 sente
447 2669 481 2711 se
503 2646 728 2723 debellaretur,
750 2646 871 2710 litteras
894 2646 936 2710 ad
954 2644 993 2710 C.
1013 2643 1186 2710 Claudium
1206 2647 1305 2725 misit,
1328 2660 1364 2713 ut

341 2762 414 2804 cum
438 2741 579 2807 exercitu
601 2742 642 2805 ad
666 2765 700 2806 se
722 2741 756 2804 in
776 2739 916 2806 Galliam
938 2741 1072 2804 veniret:
1101 2742 1220 2825 campis
1242 2742 1362 2806 Macris

308 2850 322 2894 c
340 2856 373 2897 se
392 2857 467 2899 eum
484 2845 735 2917 expectaturum.
780 2834 891 2897 litteris
913 2832 1051 2918 acceptis
1070 2831 1223 2898 Claudius
1247 2858 1287 2898 ex
1305 2835 1363 2898 Li-

338 2926 473 3010 guribus
499 2936 603 2989 castra
628 2927 728 2989 movit
754 2927 991 3009 exercitumque
1018 2929 1059 2992 ad
1082 2951 1211 3015 campos
1233 2930 1362 2994 Macros

340 3019 463 3082 consuli
481 3019 617 3083 tradidit.
663 3020 775 3084 eodem
792 3017 965 3106 (tempore)
983 3023 1094 3106 paucis
1109 3035 1180 3107 post
1196 3023 1307 3088 diebus
1323 3021 1361 3088 C.
1380 3091 1384 3100 ,

307 3133 320 3176 7
339 3112 487 3178 Valerius
502 3114 612 3176 consul
625 3114 705 3177 alter
717 3113 814 3177 venit.
841 3113 886 3177 ibi
901 3114 1009 3178 divisis
1020 3116 1128 3200 copiis,
1145 3115 1363 3202 [prius]quam

340 3206 617 3290 congrederentur,
636 3209 845 3272 communiter
859 3206 953 3270 ambo
969 3209 1125 3273 exercitus
1139 3211 1361 3276 lustraverunt.

338 3311 408 3363 tum
426 3300 540 3378 sortiti,
564 3301 640 3385 quia
661 3323 726 3366 non
744 3302 785 3366 ab
804 3302 916 3365 eadem
933 3312 1104 3385 utrumque
1122 3314 1211 3387 parte
1230 3305 1363 3387 adgredi

301 3411 317 3458 8
338 3393 462 3458 hostem
477 3394 633 3479 placebat,
651 3396 797 3479 regiones
807 3416 888 3478 quas
903 3406 1054 3481 peterent.
1081 3395 1245 3461 Valerium
1256 3398 1363 3480 auspi-

339 3499 409 3553 cato
424 3489 570 3552 sortitum
580 3489 753 3566 constabat,
769 3488 855 3571 quod
869 3489 903 3553 in
917 3491 1034 3576 templo
1049 3490 1161 3554 fuisset
1166 3515 1175 3566 3
1193 3488 1363 3555 iuPetillio

338 3583 372 3647 id
389 3583 457 3647 vitii
474 3584 595 3647 factum
611 3594 723 3668 postca
741 3606 880 3668 augures
898 3587 1138 3671 responderunt,
1156 3586 1243 3669 quod
1259 3586 1364 3668 (extra

338 3678 507 3762 templum)
529 3690 646 3742 sortem
663 3678 696 3741 in
720 3677 823 3744 sitella
844 3680 877 3743 in
900 3681 1054 3765 templum
1075 3681 1173 3745 latam
1196 3681 1273 3745 foris
1295 3682 1363 3764 ipse

339 3769 531 3854 [eduxisset‚
557 3793 631 3835 cum
653 3772 687 3835 in
708 3774 825 3858 templo
853 3774 956 3837 sortiri
985 3786 1016 3838 et
1043 3774 1169 3860 ipsum]
1195 3785 1362 3858 oporteret.

306 3863 474 3942 sprofecti
499 3864 574 3929 inde
600 3865 634 3930 in
661 3866 801 3931 diversas
827 3868 983 3952 regiones.
1036 3868 1182 3933 Pet-illius
1210 3866 1364 3931 adversus

339 3952 491 4021 Ballistae
510 3970 542 4022 et
555 3959 629 4023 Leti
646 3960 769 4044 iugum,
787 3961 873 4043 quod
892 3982 945 4025 eos
959 3972 1082 4025 montes
1101 3969 1255 4044 perpetuo
1270 3959 1363 4024 dorso
1423 4035 1426 4039 λ

291 4065 323 4112 10
340 4045 422 4109 inter
440 4069 474 4110 se
490 4049 608 4135 iungit,
627 4064 731 4118 castra
748 4052 870 4117 habuit.
914 4053 959 4117 ibi
976 4054 1196 4118 adhortantem
1215 4075 1288 4115 eum
1306 4076 1363 4138 pro

340 4138 487 4203 contione
505 4144 633 4219 milites,
655 4146 863 4210 inmemorem
880 4145 1096 4231 ambiguitatis
1114 4144 1218 4222 verbi,
1242 4148 1363 4211 omina-

291 4254 322 4301 11
342 4243 410 4298 tum
435 4231 555 4310 ferunt,
583 4260 617 4301 se
643 4261 681 4302 co
705 4240 755 4304 die
777 4240 897 4304 Letum
919 4252 1086 4325 capturum
1112 4260 1193 4304 esse.
1237 4240 1362 4305 duabus
