3384 4975
396 483 458 589 132
583 528 700 584 nmen
717 524 906 594 xxxxun,
926 525 968 578 ar.
983 523 1026 578 re.
1046 502 1085 592 [a.
1094 495 1122 578 11ss
1131 540 1156 577 ο.
1166 523 1229 593 sse]

395 686 570 760 Thessalia,
586 685 671 749 unde
687 682 843 748 exercitus
857 681 1010 756 alebatur,
1029 679 1216 764 potuissent,
1230 702 1334 764 neque
1348 705 1422 768 pro-

362 807 376 852 7
395 782 500 869 gredi,
524 802 597 844 cum
615 802 655 842 ex
677 778 810 842 adverso
833 786 937 840 castra
953 775 1169 839 Macedonum
1189 772 1287 861 [....]
1305 777 1362 859 qui
1384 801 1423 842 ea

393 875 609 963 pependerant
635 894 706 956 spe,
732 869 820 935 haud
845 868 1046 935 mediocriter
1072 867 1258 932 debilitavit.
1308 871 1422 936 eadem

361 993 376 1039 8
395 969 527 1034 avaritia
537 966 692 1032 Gentium
709 987 819 1050 regem
834 963 895 1028 sibi
913 962 1071 1028 alienavit.
1099 985 1174 1026 nam
1189 985 1263 1027 cum
1281 976 1422 1029 trecenta

393 1066 511 1128 talenta
528 1061 638 1127 Pellae
661 1059 765 1124 missis
788 1082 808 1123 a
831 1057 951 1124 Gentio
974 1068 1188 1133 numerasset,
1217 1058 1343 1142 signare
1366 1082 1420 1123 eos

362 1179 376 1225 9
394 1157 564 1244 pecuniam
576 1177 700 1240 passus,
714 1153 788 1216 inde
798 1152 909 1217 decem
923 1152 1042 1216 talenta
1052 1151 1093 1214 ad
1101 1151 1327 1216 Pantauchum
1335 1153 1421 1217 misit

394 1273 495 1334 eaque
513 1247 692 1334 praesentia
711 1246 780 1310 dari
796 1245 867 1330 regi
883 1245 988 1320 iussit3
1007 1244 1163 1327 reliquam
1181 1245 1358 1330 pecuniam,
1376 1247 1420 1310 si-

393 1355 523 1430 gnatam
533 1341 715 1429 Illyriorum
730 1340 831 1424 signo,
846 1339 1046 1425 portantibus
1057 1338 1122 1403 suis
1137 1339 1299 1424 praecipit,
1312 1341 1420 1424 parvis

345 1459 377 1506 ro
394 1437 558 1502 itineribus
568 1431 729 1511 veherent,
745 1434 818 1498 dein
829 1455 902 1498 cum
912 1433 952 1496 ad
961 1434 1058 1498 finem
1067 1430 1278 1497 Macedoniae
1287 1446 1420 1498 ventum

394 1543 490 1607 esset,
524 1530 732 1595 subsisterent
761 1528 806 1592 ibi
833 1551 870 1592 ac
903 1529 1030 1592 nuntios
1057 1529 1098 1592 ab
1126 1552 1159 1593 se
1188 1528 1417 1613 opperirentur.

344 1646 375 1692 11
396 1625 532 1690 Gentius
551 1624 667 1708 exigua
685 1634 774 1708 parte
791 1622 946 1707 pecuniae
965 1633 1106 1706 accepta,
1125 1645 1199 1686 cum
1217 1623 1348 1688 adsidue
1368 1621 1418 1709 [a]

393 1719 581 1785 Pantaucho
600 1718 642 1781 ad
658 1717 859 1782 lacessendos
877 1716 983 1781 hostili
1001 1716 1086 1780 facto
1096 1717 1258 1781 Romanos
1277 1716 1420 1780 stimula-

393 1824 490 1888 retur,
505 1810 553 1876 M.
564 1810 761 1897 Perpernam
776 1823 807 1876 et
817 1811 858 1874 L.
868 1810 1032 1876 Petillium
1046 1811 1179 1896 legatos,
1196 1811 1328 1894 quitum
1338 1811 1419 1875 forte

346 1926 377 1975 12
395 1905 437 1969 ad
455 1928 529 1971 eum
547 1914 713 1989 venerant,
728 1905 762 1968 in
780 1904 957 1968 custodiam
976 1905 1118 1969 coniecit.
1134 1905 1207 1976 ,hoc
1223 1905 1331 1969 audito
1340 1904 1420 1971 Per·

395 2022 467 2064 seus
487 1999 680 2064 contraxisse
699 2021 773 2063 eum
790 1999 988 2063 necessitatis
1004 1996 1112 2084 [satie]
1127 2010 1215 2063 ratus
1232 1999 1273 2062 ad
1288 1998 1418 2075 bellum,

394 2093 504 2177 utique
523 2116 596 2158 cum
613 2093 777 2169 Romanis,
796 2094 837 2157 ad
855 2094 1070 2158 revocandum
1087 2093 1143 2176 qui
1160 2092 1329 2178 pecuniam
1347 2116 1419 2178 por-

283 2201 285 2205 ’
394 2189 483 2252 tabat
492 2187 587 2264 misit,
597 2188 685 2252 velut
693 2188 772 2252 nihil
785 2188 872 2252 aliud
883 2211 991 2274 agens,
1001 2210 1097 2271 quarn
1105 2199 1141 2252 ut
1151 2199 1271 2272 quanta
1280 2189 1420 2253 maxima

344 2303 375 2349 13
392 2293 501 2367 posset
522 2282 642 2367 praeda
663 2305 704 2346 ex
727 2306 761 2348 se
780 2283 863 2347 vieto
881 2281 1034 2348 Romanis
1058 2294 1281 2348 reservaretur.
1325 2293 1357 2347 et
1375 2283 1418 2347 ab

392 2376 539 2440 Eumene
549 2376 746 2461 Hierophon,
764 2375 881 2460 ignotis
899 2398 981 2458 quae
997 2377 1119 2441 occulte
1130 2386 1308 2451 actaerant,
1323 2375 1415 2440 redit

394 2470 434 2535 de
458 2471 591 2556 captivis
614 2481 720 2535 actum
738 2494 808 2537 esse
826 2482 858 2537 et
879 2471 941 2557 ipsi
964 2471 1190 2557 evolgaverant
1207 2483 1238 2537 et
1255 2470 1417 2537 Eumenes

335 2623 337 2625 ,
394 2566 556 2630 consulem
573 2565 721 2632 vitandae
740 2566 926 2652 suspicionis
945 2590 1042 2632 causa
1060 2567 1226 2632 certiorem
1244 2566 1330 2633 feeit.

361 2679 375 2725 1
457 2658 626 2723 XXVIII.
653 2659 792 2726 Perseus
813 2672 887 2745 post
908 2662 1046 2726 reditum
1069 2661 1110 2724 ab
1133 2660 1279 2727 Eumene
1301 2660 1416 2725 Hiero-

393 2752 521 2837 phontis
540 2775 596 2837 spe
619 2753 759 2818 deiectus
773 2756 972 2819 Antenorem
990 2765 1022 2819 et
1041 2752 1222 2840 Callippum
1240 2754 1417 2839 praefectos

394 2845 503 2909 classis
522 2869 596 2909 eum
614 2847 826 2932 quadraginta
842 2849 956 2913 lembis
973 2884 1018 2896 —-
1035 2849 1176 2913 adiectae
1196 2848 1238 2911 ad
1256 2848 1341 2912 huno
1357 2870 1418 2912 nu-

361 2960 376 3006 2
394 2961 517 3002 merum
535 2939 674 3022 quinque
692 2942 797 3027 pristis
816 2953 906 3006 erant
922 2980 966 2989 -
983 2942 1150 3006 Tenedum
1167 2942 1273 3019 mittit,
1291 2952 1328 3005 ut
1344 2941 1418 3006 inde

395 3034 497 3118 sparsi
514 3057 571 3118 per
590 3032 748 3120 Cycladas
766 3037 887 3102 insulas
905 3061 1003 3102 naves
1015 3037 1242 3110 Macedoniam
1261 3060 1334 3102 cum
1351 3036 1419 3100 fru-

360 3146 375 3192 3
393 3140 500 3192 mento
518 3124 661 3214 petentes
682 3141 871 3196 tutarentur.
908 3130 1129 3199 Cassandreae
1147 3132 1303 3197 deductae
1320 3154 1418 3197 naves

271 3224 273 3227 ’
392 3221 427 3285 in
449 3233 555 3305 portas
578 3223 729 3308 primurn,
757 3225 813 3309 qui
835 3227 895 3290 sub
912 3227 1001 3291 Atho
1019 3236 1127 3291 monte
1150 3238 1237 3304 sunt,
1263 3226 1337 3291 inde
1355 3226 1420 3292 Te·

393 3316 511 3380 nedum
537 3319 662 3402 placido
688 3320 769 3384 mari
794 3342 869 3385 cum
893 3321 1104 3398 traiecissem,
1133 3322 1242 3384 stantis
1265 3320 1299 3385 in
1324 3332 1420 3405 portu

392 3408 535 3479 Rhodias
558 3425 684 3497 apertas
706 3436 804 3479 naves
823 3413 1070 3501 Eudamumque
1093 3415 1291 3501 praefectum
1309 3437 1419 3479 earum

392 3505 561 3570 inviolatos
592 3517 687 3590 atque
719 3508 815 3573 etiam
846 3510 984 3595 benigne
1015 3512 1189 3596 appellatos
1221 3509 1418 3573 dimiserunt.

359 3600 519 3685 reognito
547 3601 661 3665 deinde
687 3602 721 3666 in
746 3604 845 3670 latere
872 3606 971 3670 altero
999 3604 1231 3690 quinquaginta
1257 3602 1418 3667 onerarias

394 3714 524 3759 suarum
541 3695 698 3760 stantibus
715 3698 749 3761 in
767 3700 847 3764 ostio
866 3711 975 3785 portus
993 3698 1147 3764 Eumenis
1169 3698 1325 3772 rostratis,
1349 3696 1420 3780 qui-

360 3805 374 3848 a
393 3785 452 3852 bus
461 3787 600 3852 Damius
614 3802 770 3874 praeerat,
785 3793 924 3858 inclusas
939 3817 1019 3870 esse,
1039 3794 1269 3858 circumvectus
1283 3812 1418 3876 propere

394 3900 431 3942 ac
448 3882 613 3946 summotis
631 3893 750 3950 terrore
769 3885 908 3951 hostium
925 3887 1072 3962 navibus,
1091 3887 1250 3952 onerarias
1267 3884 1348 3949 datis
1363 3883 1420 3967 qui

394 3987 660 4055 prosequerentur
677 3978 789 4043 decem
811 3980 926 4046 lembis
943 3982 976 4045 in
993 3981 1220 4045 Macedoniam
1238 3979 1348 4055 mittit,
1374 3978 1420 4043 ita

361 4078 375 4125 e
394 4073 429 4125 ut
445 4064 479 4128 in
496 4077 599 4134 tutum
616 4073 776 4157 prosecuti
792 4075 932 4140 redirent
949 4074 1125 4139 Tenedum.
1169 4098 1254 4139 nouo
1277 4085 1350 4161 post
1367 4072 1420 4137 die

393 4153 434 4219 ad
451 4157 584 4225 classem
602 4165 666 4229 iam
684 4167 725 4231 ad
744 4164 878 4252 Sigeum
895 4178 1031 4233 stantem
1048 4168 1219 4234 redierunt.
1261 4169 1336 4233 inde
1356 4166 1420 4233 Su·

393 4248 469 4315 bota
484 4286 528 4298 -
543 4251 647 4322 insula
665 4271 712 4324 est
728 4259 894 4326 interiecta
911 4260 1030 4327 Elaeae
1048 4274 1080 4329 et
1099 4261 1239 4328 Chio-
1255 4262 1416 4328 traiciunt.
