3384 4975
497 504 1065 622 L1eaaxxxxr‚2r.2s.[ac.174]
1256 536 1298 604 27

273 713 385 781 aedem
400 713 539 787 Pisauri,
558 722 590 776 et
605 708 739 785 Fundis,
758 719 790 774 et
806 708 974 774 Potentiae
992 709 1088 774 etiam
1106 730 1223 794 aquam
1241 708 1298 774 ad-

272 808 463 883 ducendam,
477 816 509 870 et
517 803 646 868 Pisauri
659 802 746 866 viam
759 802 845 866 silice
857 803 1068 879 sternendam,
1083 815 1115 869 et
1125 801 1296 870 Sinuessae
1318 824 1349 872 12

271 900 429 988 maga[lia
442 895 615 981 addend]a,
629 895 773 975 †viariae
786 895 820 959 in
833 895 883 958 his
898 906 929 960 et
943 894 1093 982 clo[acas,
1108 908 1140 963 et
1153 896 1297 984 mur]um

272 989 594 1076 circumducen[dum
623 986 658 1073 e]
690 999 722 1052 et
751 988 858 1054 forum
889 989 1062 1074 porticibus
1096 991 1298 1075 tabernisque

274 1085 489 1151 claudendum
511 1094 543 1149 et
564 1083 660 1147 Ianos
684 1082 740 1147 tris
763 1082 937 1148 faciendos.
981 1082 1062 1149 haec
1085 1084 1126 1147 ab
1143 1108 1207 1149 uno
1225 1107 1299 1150 cen·
1319 1105 1348 1150 13

275 1201 348 1244 sore
366 1200 462 1263 opera
478 1178 581 1243 locata
598 1198 671 1241 cum
684 1198 804 1261 magna
820 1176 924 1262 gratia
939 1176 1132 1241 colonorum.
1158 1177 1300 1242 moribus

205 1349 207 1352 ¹
273 1294 402 1357 quoque
418 1271 566 1357 regendis
584 1271 718 1356 diligens
736 1280 769 1337 et
790 1293 903 1336 severa
921 1293 1054 1336 censura
1075 1271 1145 1335 fuit.
1190 1270 1298 1335 multis

272 1366 347 1450 equi
364 1364 513 1450 adempti.

336 1458 505 1524 XXVIII.
536 1456 637 1524 Exitu
658 1479 758 1544 prope
780 1457 856 1521 anni
882 1457 966 1522 diem
987 1480 1087 1521 unum
1110 1457 1299 1544 supplicatio
1319 1479 1332 1524 1

271 1553 334 1618 fuit
351 1552 392 1616 ob
413 1575 464 1617 res
488 1572 638 1639 prospere
661 1562 767 1638 gestas
789 1552 824 1617 in
841 1549 999 1637 Hispania
1021 1551 1119 1617 ductu
1141 1553 1299 1638 auspicio-
1384 1584 1386 1590 ¹

271 1669 335 1732 que
352 1645 441 1732 Appi
460 1643 577 1711 Claudi
593 1645 805 1731 proconsulis3
829 1655 861 1713 et
877 1645 1049 1710 maioribus
1067 1645 1166 1711 bostis
1184 1646 1299 1732 viginti

270 1739 492 1806 sacrificatum.
544 1751 577 1805 et
602 1740 737 1806 alterum
764 1740 849 1805 diem
876 1741 1063 1825 supplicatio
1090 1741 1132 1805 ad
1159 1738 1330 1817 cerense

271 1834 383 1899 Liberi
400 1832 602 1917 Liberaeque
630 1833 706 1911 fuit,
733 1834 820 1918 quod
846 1856 887 1899 ex
911 1832 1039 1899 Sabinis
1065 1846 1169 1899 terrae
1191 1846 1297 1899 motus

270 1928 383 2013 ingens
415 1949 489 1991 cum
518 1928 627 1992 multis
657 1928 875 1992 aedificiorum
900 1928 999 1992 ruinis
1029 1929 1192 1992 nuntiatus
1219 1938 1296 1992 erat.

271 2043 346 2086 cum
359 2021 425 2105 Ap.
441 2018 596 2085 Claudius
615 2043 654 2086 ex
667 2021 827 2106 Hispania
840 2020 979 2085 Romam
995 2022 1137 2097 redisset,
1157 2019 1298 2085 decrevit
1315 2040 1330 2086 3

258 2125 415 2191 senatus,
438 2124 473 2177 ut
491 2134 590 2177 ovans
612 2113 725 2178 urbem
747 2112 850 2178 iniret.
894 2115 958 2177 iam
975 2114 1153 2178 consularia
1170 2113 1331 2179 comitiae

271 2207 481 2295 adpetebant3
511 2206 628 2291 quibus
653 2229 771 2292 magna
798 2206 998 2272 contentione
1027 2207 1143 2271 habitis
1168 2216 1298 2291 propter

271 2301 507 2366 multitudinem
529 2300 704 2384 petentium
726 2300 823 2365 creati
846 2299 887 2364 L.
906 2299 1091 2365 Postumius
1108 2299 1248 2364 Albinus
1266 2309 1298 2364 et

271 2396 321 2460 M.
343 2395 500 2481 Popillius
527 2393 664 2460 Laenas.
719 2405 881 2479 praetores
907 2394 981 2459 inde
1007 2392 1084 2459 facti
1110 2394 1151 2459 N.
1173 2392 1330 2459 Fabiusa

272 2491 392 2567 Butec,
411 2488 450 2554 C.
468 2489 647 2565 Matienus,
667 2487 705 2554 C.
725 2488 903 2567 Cicereius,
926 2490 975 2554 M.
993 2490 1111 2554 Furius
1130 2487 1297 2575 Crassipes

271 2584 404 2659 iterum,
426 2583 471 2646 A.
488 2582 608 2646 Atilius
628 2580 784 2647 Serranus
805 2583 937 2660 iterum,
960 2580 999 2648 C.
1019 2580 1152 2647 Cluvius
1177 2580 1298 2647 Saxula

272 2678 399 2742 iterum.
444 2676 566 2740 comitis
589 2676 738 2761 perfectis
755 2678 820 2760 Ap.
840 2673 996 2740 Claudius
1015 2674 1141 2739 Centho
1165 2698 1206 2739 ex
1223 2673 1298 2739 Cel·
1316 2693 1330 2739 c

271 2770 381 2835 tiberis
405 2791 504 2835 ovans
527 2791 601 2834 oum
626 2769 660 2833 in
682 2769 794 2835 urbem
816 2769 923 2844 iniret,
951 2770 1061 2833 decem
1083 2768 1170 2832 milia
1192 2768 1297 2855 pondo

272 2863 405 2949 argenti,
423 2864 565 2948 quinque
579 2863 666 2927 milia
681 2864 749 2927 auri
766 2864 800 2927 in
814 2863 971 2928 aerarium
984 2853 1065 2929 tulit.
1092 2863 1208 2929 flamen
1217 2863 1297 2927 Dia-
1315 2883 1329 2928 7

271 2958 311 3023 lis
328 2959 536 3043 inauguratus
554 2968 603 3023 est
621 2955 682 3023 Cn.
703 2956 881 3023 Cornelius.

338 3052 462 3117 Eodem
480 3074 563 3116 anno
581 3052 691 3117 tabula
712 3051 746 3116 in
763 3053 842 3119 aede
865 3052 974 3117 matris
992 3051 1140 3116 Matutae
1157 3072 1230 3117 eum
1247 3050 1295 3115 in·
1313 3069 1329 3116 8

272 3144 343 3211 dice
368 3146 429 3211 hoc
459 3147 564 3232 posita
588 3158 646 3212 est.
700 3146 766 3211 ‘Ti
794 3144 965 3233 Semproni
992 3143 1132 3211 Gracchi
1158 3146 1295 3211 considis

272 3240 404 3326 imperio
431 3240 635 3326 auspicioque
661 3241 746 3326 legio
773 3242 994 3325 exercitusque
1024 3239 1134 3325 populi
1159 3239 1297 3308 Romani

273 3332 456 3401 Sardiniam
478 3336 615 3421 subegit.
658 3335 693 3399 in
715 3358 753 3400 ea
778 3335 943 3421 provincia
964 3334 1104 3418 hostium
1126 3355 1219 3399 caesa
1241 3343 1297 3397 aut

272 3438 367 3512 capta
384 3450 481 3512 supra
494 3429 655 3513 octoginta
666 3428 764 3493 milia.
789 3452 825 3495 re
842 3428 972 3515 publica
989 3428 1181 3493 felicissume
1195 3436 1296 3510 gesta,
1316 3442 1330 3488 9

273 3530 371 3601 atque
392 3520 532 3585 liberatis
555 3518 685 3605 [socis],
706 3520 917 3605 vectigalibus
934 3519 1101 3595 restitutis,
1124 3518 1297 3583 exercitum

274 3612 399 3676 salvom
416 3623 511 3693 atque
528 3612 718 3677 incolumem
735 3614 953 3698 plenissimum
970 3611 1090 3697 praeda
1103 3611 1232 3674 domum
1248 3632 1298 3674 re-

274 3703 429 3791 portavit,
457 3704 574 3768 iterum
603 3705 802 3790 triumphans
834 3706 870 3769 in
894 3704 1008 3771 urbem
1033 3703 1169 3769 Romam
1195 3704 1295 3769 rediit.

274 3798 366 3865 cuius
384 3798 431 3864 rei
448 3819 524 3883 ergo
546 3796 628 3867 hanc
649 3797 791 3863 tabulam
813 3798 933 3864 donum
950 3798 1022 3863 Iovi
1039 3796 1144 3863 dedit?
1189 3795 1298 3864 Sardi·
1317 3816 1349 3866 10

273 3892 346 3958 niae
363 3890 485 3958 insulae
502 3892 606 3957 forma
623 3903 699 3971 erat,
717 3903 813 3977 atque
829 3894 864 3960 in
877 3916 916 3960 ea
933 3894 1101 3960 simulacra
1118 3914 1296 3978 pugnarum

274 3986 369 4073 picta.
775 4063 780 4067 .

338 4081 477 4146 Munera
493 4081 706 4167 gladiatorum
719 4091 757 4149 eo
771 4104 855 4148 anno
871 4082 1001 4166 aliquot,
1019 4102 1118 4166 parva
1130 4080 1193 4145 alia
1206 4080 1295 4145 data:

275 4196 375 4239 unum
392 4186 466 4241 ante
484 4186 588 4241 cetera
604 4176 729 4262 insigne
745 4175 808 4239 fuit
825 4174 865 4237 Τ.
883 4176 1065 4254 Flaminini
1083 4175 1169 4260 quod
1186 4174 1295 4245 mortis
1316 4193 1346 4238 11

276 4286 373 4334 causa
388 4268 486 4353 patris
504 4269 555 4335 sui
571 4291 645 4336 eum
661 4270 870 4337 visceratione
883 4270 1041 4356 epidoque
1059 4279 1090 4336 et
1106 4268 1191 4334 ludis
1208 4290 1296 4333 scae-
