3384 4975
479 542 699 600 PERIOCHAE
717 539 921 598 LIBRORUM
938 538 1120 596 Lv-Lvu
1248 524 1312 591 203

290 680 525 754 proficisceretur,
549 679 652 734 accidit
674 684 752 745 [vox]
776 681 885 745 ‘mane,
904 676 1054 756 Mancine'.
1098 694 1170 802 quae
1189 675 1314 747 auspicia

293 751 383 804 tristia
397 749 483 804 fnisse
497 754 599 804 eventu
612 747 760 816 probatum
774 750 825 802 est.
853 752 881 800 et
890 745 979 799 victus
989 761 1089 799 emma
1125 745 1276 800 amantinis
1286 751 1315 800 et

293 817 394 873 castris
403 822 515 884 exutus,
526 832 588 869 cum
599 831 663 884 spes
672 814 751 868 nulla
758 814 888 875 servandi
898 813 1033 867 exercitus
1043 818 1129 882 esset,
1143 830 1242 884 pacem
1251 831 1315 867 cum

293 887 334 941 eis
347 885 417 940 fecit
430 882 655 964 ignominiosam,
670 899 754 952 quam
766 888 858 936 ratam
871 899 932 936 esse
946 885 1059 936 senatus
1073 883 1168 936 vetuit.
1195 882 1314 951 quadra·

292 955 374 1025 ginta
391 952 470 1006 miha
481 951 669 1005 Romanorum
683 967 701 1004 a
713 949 946 1006 Numantinorum
964 948 1075 1003 milibus
1093 954 1224 1019 quattuor
1240 950 1315 1004 victa

291 1026 381 1075 erant.
407 1019 478 1073 Dec.
488 1018 584 1073 Iunius
598 1018 773 1073 Lusitaniam
787 1018 1040 1088 expugnationibus
1053 1018 1164 1072 urbium
1176 1034 1264 1087 usque
1279 1016 1315 1072 ad

294 1087 437 1143 Oceanum
448 1086 618 1157 perdomuit,
633 1092 662 1142 et
675 1103 738 1141 cum
750 1087 864 1140 fluvium
879 1085 1052 1140 Oblivionem
1065 1085 1183 1140 transire
1196 1086 1315 1153 nollent,

292 1162 405 1226 raptum
417 1154 550 1226 signifero
564 1154 586 1208 si
627 1171 674 1207 um
687 1154 747 1224 ipse
760 1154 903 1208 transtulit
916 1159 945 1209 et
959 1154 998 1208 sic
1011 1159 1043 1206 ut
1055 1154 1317 1226 transgrederentur

314 1223 440 1278 ersuasit.
474 1222 583 1277 Alexan
619 1222 726 1290 'tilius,
744 1240 794 1277 rex
811 1221 924 1293 Syriae,
944 1223 1042 1276 decem
1060 1238 1148 1277 annos
1167 1221 1316 1276 admodum

290 1241 413 1359 labens,
429 1289 590 1359 aDiodoto,
605 1291 655 1360 qui
663 1290 799 1361 Tryphon
808 1289 1070 1361 cognominabatur,
1087 1295 1177 1344 tutore
1188 1306 1251 1357 suo,
1266 1307 1317 1358 per

292 1359 420 1414 fraudem
433 1357 540 1412 occisus
550 1364 593 1413 est
601 1358 738 1428 corruptis
747 1359 875 1427 medicis,
891 1358 939 1428 qui
948 1358 1027 1412 illum
1036 1357 1137 1412 calculi
1146 1358 1241 1412 dolore
1251 1374 1315 1412 con·

291 1427 364 1480 sumi
373 1427 409 1481 ad
417 1426 552 1497 populum
560 1425 678 1496 mentiti,
689 1428 754 1480 dum
764 1433 869 1495 secant,
880 1425 1050 1482 occiderunt.

721 1507 893 1548 uxamam.

344 1562 479 1617 Decimus
487 1562 585 1617 Iunius
593 1563 697 1617 Brutus
710 1563 740 1617 in
753 1562 894 1633 Hispania
906 1561 1037 1618 ulteriore
1050 1561 1171 1617 feliciter
1184 1562 1316 1616 adversus

293 1629 445 1685 Gallaecos
452 1632 598 1754 pugium
624 1631 751 1685 dissimili
760 1636 862 1686 eventu
871 1631 909 1685 M.
919 1630 1056 1685 Aemilius
1065 1629 1191 1700 Lepidus
1199 1646 1316 1700 procon-

293 1700 338 1752 sul
351 1699 483 1753 adversus
520 1715 636 1755 accaeos
648 1717 708 1754 rem
721 1699 809 1771 gessit
822 1699 987 1769 clademque
1002 1699 1119 1753 similem
1129 1698 1316 1754 Numantinae

314 1783 391 1821 assus
406 1773 457 1822 est.
484 1768 520 1821 ad
529 1767 726 1823 exsolvendum
734 1767 857 1823 foederis
865 1766 1029 1823 Numantini
1038 1765 1174 1838 religione
1182 1766 1317 1836 populum

292 1784 449 1904 Nancinus,
459 1851 523 1889 cum
531 1836 613 1889 huius
620 1836 662 1891 rei
671 1842 769 1891 auctor
777 1836 889 1915 fuisset,
904 1834 1014 1890 deditus
1023 1833 1200 1891 Numantinis
1209 1851 1265 1888 non
1275 1838 1317 1888 est

292 1908 430 1971 receptus.
457 1903 574 1957 lustrum
591 1921 610 1958 a
626 1904 788 1959 censoribus
806 1903 948 1959 conditum
965 1909 1020 1958 est:
1039 1919 1124 1958 censa
1138 1908 1203 1957 sunt
1216 1902 1319 1957 civium

292 1970 1190 2093 tibitibitttbtttbmlbttttidabitat,
1201 1970 1317 2094 Flllllss

294 2104 455 2159 in'l'hracia
464 2121 527 2159 cum
537 2104 689 2162 Scordiscis
693 2057 831 2186 prodpldre
840 2057 985 2176 pugngavit.
1008 2106 1183 2160 cumbellum
1220 2123 1316 2159 uman-

293 2174 382 2226 tinum
399 2172 466 2226 vitio
485 2174 586 2227 ducum
603 2191 660 2228 non
677 2191 737 2229 sure
754 2174 862 2244 pudore
878 2173 991 2243 publico
1009 2175 1135 2241 duraret,
1151 2175 1261 2228 delatus
1275 2179 1318 2227 est

293 2242 367 2295 ultro
381 2239 502 2312 Scipioni
515 2241 651 2296 Africano
669 2260 686 2297 a
704 2247 805 2298 senatu
820 2242 980 2312 populoque
998 2241 1125 2295 Romano
1143 2241 1317 2310 consulatus3

294 2325 377 2378 quem
394 2326 457 2363 cum
474 2309 517 2364 illi
533 2326 634 2380 capere
647 2311 684 2365 ob
697 2311 804 2382 legem,
823 2327 895 2380 quae
908 2310 1023 2365 vetabat
1037 2326 1203 2388 quemquam
1217 2309 1317 2363 iterum

292 2377 437 2432 consulem
454 2376 529 2447 fieri,
547 2395 605 2432 non
617 2379 727 2448 liceret,
742 2380 815 2434 sicut
827 2378 914 2449 priori
926 2379 1073 2433 consulatu
1086 2378 1196 2449 leglbus
1210 2377 1317 2431 solutus

293 2451 345 2499 est.
364 2445 476 2525 ‘bellum
490 2447 588 2502 servile
601 2447 631 2501 in
641 2446 739 2504 Sicilia
752 2453 842 2503 ortum
852 2464 915 2502 cum
924 2447 1042 2571 opqrimi
1052 2464 1069 2501 a
1076 2445 1253 2517 praetoribus
1261 2462 1317 2501 non

293 2520 444 2634 potuisset,
454 2514 484 2569 C.
493 2515 593 2571 Fulvio
603 2516 710 2570 consuli
717 2517 881 2571 mandatum
890 2523 940 2571 est
986 2516 1049 2571 uius
1061 2515 1130 2571 belli
1143 2514 1251 2568 initium
1264 2513 1318 2569 fuit

308 2581 391 2635 'unus
408 2599 515 2651 servus,
533 2583 647 2639 natione
661 2584 762 2655 Syrus,
780 2584 828 2654 qui
847 2589 993 2639 contracta
1012 2584 1163 2655 agrestium
1177 2598 1318 2637 servorum

293 2666 380 2704 manu
388 2654 417 2704 et
425 2650 523 2706 solutis
533 2651 682 2723 ergastulis
691 2653 757 2706 iusti
766 2651 901 2707 exercitus
910 2669 1055 2707 numerum
1069 2651 1203 2721 implevit.
1230 2650 1319 2705 Cleon

293 2733 414 2787 quoque,
429 2719 501 2773 alter
513 2736 620 2789 servus,
635 2720 673 2773 ad
687 2720 867 2791 septuaginta
879 2720 956 2775 milia
970 2735 1109 2775 servorum
1120 2717 1272 2788 contraxit,
1290 2723 1319 2774 et

293 2785 396 2910 iuncti?
417 2787 505 2859 copiis
528 2788 660 2843 adversus
677 2788 835 2843 Romanum
858 2788 1008 2844 exercitum
1029 2788 1136 2843 bellum
1153 2803 1238 2857 saepe
1255 2804 1318 2859 ges·

293 2871 397 2910 serun.

716 2928 899 2969 uxamam.

346 2989 439 3063 Scipio
456 2991 607 3047 Africanus
624 2993 805 3050 Numantiam
826 2993 950 3061 obsedit,
973 2997 1003 3048 et
1024 2997 1183 3063 corruptum
1205 2992 1319 3048 licentia

294 3059 458 3131 luxuriaque
475 3062 626 3116 exercitum
644 3064 681 3118 ad
699 3063 901 3118 severissimam
918 3061 1034 3116 militiae
1053 3060 1229 3131 disciplinam
1241 3077 1318 3116 revo-

293 3128 377 3181 cavit.
399 3128 493 3182 omnia
502 3130 665 3185 deliciarum
673 3131 858 3186 instrumenta
866 3129 978 3198 recidit,
989 3130 1044 3184 duo
1053 3129 1131 3183 milia
1140 3136 1319 3185 scortoruma

294 3194 394 3249 castris
410 3196 506 3265 eiecit,
524 3198 641 3254 militem
657 3199 760 3254 cotidie
777 3200 807 3253 in
821 3216 906 3270 opere
919 3198 1019 3253 habuit
1032 3203 1060 3253 et
1077 3198 1195 3270 triginta
1212 3198 1319 3253 dierum

294 3263 463 3341 numentum
476 3264 514 3318 ad
526 3272 658 3336 septenos
670 3267 759 3321 vallos
771 3266 844 3322 ferre
859 3283 892 3321 co
913 3267 988 3321 ebat.
1016 3283 1100 3345 aegre
1118 3283 1169 3336 pro
1189 3272 1233 3321 ter
1251 3283 1319 3319 onus

295 3329 436 3409 incedenti
454 3331 579 3411 dicebat,
600 3337 675 3388 ‘cum
696 3334 793 3405 gladio
814 3340 844 3389 te
862 3284 968 3387 vallare
990 3333 1097 3401 sciens,
1120 3285 1224 3387 valldm
1245 3333 1318 3388 ferre

296 3398 441 3466 dcsmrto’,
461 3399 499 3452 alr
511 3406 619 3454 scutum
631 3418 730 3469 parum
743 3401 875 3456 habiliter
881 3401 996 3467 ferenti,
1012 3401 1130 3469 amplius
1140 3417 1202 3454 eum
1211 3408 1319 3454 scutum

296 3464 369 3517 iusto
382 3464 469 3533 fer-rs,
482 3484 572 3538 neque
586 3468 615 3521 id
629 3485 659 3523 se
671 3486 702 3523 rc
723 3470 884 3536 rehendere,
899 3469 1010 3538 quando
1027 3468 1125 3521 melius
1143 3474 1221 3520 scuto
1236 3484 1320 3545 quam

296 3532 394 3602 gladic
406 3538 538 3588 uteretur.
573 3551 655 3605 quem
719 3537 784 3591 item
798 3544 878 3591 extra
890 3537 1014 3590 ordinem
1024 3534 1215 3603 deprehendit,
1231 3535 1318 3587 sillo-

296 3617 396 3654 manus
409 3605 492 3669 esset,
505 3602 618 3672 vitibus,
633 3604 657 3657 si
670 3610 829 3672 extraneus,
843 3604 928 3675 virgis
942 3603 1050 3658 cecidit.
1078 3603 1202 3656 iumenta
1216 3602 1317 3670 omnia,

296 3685 333 3722 ne
359 3676 542 3725 exonerarent
565 3672 695 3741 militem,
722 3672 857 3726 vendidit.
896 3688 980 3740 saepe
1008 3670 1138 3725 adversus
1161 3670 1319 3726 erutiones

297 3737 418 3791 hostium
426 3735 547 3793 feliciter
558 3740 703 3809 pugnavit.
730 3739 855 3795 Vaccaei
864 3738 977 3806 obsessi,
988 3739 1083 3793 liberis
1097 3688 1319 3809 coniugiliusque

295 3804 457 3872 trucidatis,
472 3806 525 3875 ipsi
536 3825 567 3862 se
579 3808 794 3869 interemerimt,
815 3805 861 3861 Sci
882 3807 908 3860 io
918 3806 1087 3886 amplissima
1104 3824 1220 3861 munera
1234 3805 1319 3859 missa

296 3872 351 3927 sibi
360 3873 397 3927 ab
406 3873 545 3929 Antiocho
554 3892 621 3946 rege
632 3873 743 3944 Syriae,
754 3892 815 3929 cum
826 3825 918 3930 cellere
929 3875 991 3929 aliis
1000 3875 1212 3945 imperatoribus
1221 3891 1319 3944 regum

297 3948 573 4010 muneramosessct,
602 3942 775 3997 rotribunali
784 3949 963 4013 accepturum
972 3960 1002 3997 se
1012 3961 1073 3998 esse
1083 3943 1159 4011 dixit,
1171 3944 1318 4022 omniaque

296 4027 333 4065 ea
367 4016 524 4065 uaestorem
541 4028 571 4067 re
585 4028 645 4066 erre
662 4010 693 4065 in
708 4011 835 4081 publicas
852 4012 964 4066 tabulas
982 4012 1074 4065 iussit:
1092 4027 1126 4066 cr
1143 4011 1186 4064 bis
1204 4029 1233 4066 se
1251 4012 1318 4065 viris

296 4077 363 4134 forti
382 4095 415 4131 us
428 4078 502 4133 dona
519 4096 579 4134 esse
597 4080 734 4134 daturum.
761 4097 824 4134 cum
841 4080 965 4149 undique
979 4080 1157 4135 Numantiam
1174 4080 1318 4135 obsidione

297 4147 443 4201 clausisset
459 4152 488 4202 et
501 4147 628 4203 obsessos
640 4147 715 4203 fame
728 4148 836 4203 rideret
847 4148 955 4219 urgeri,
969 4150 1076 4215 hostes,
1091 4148 1139 4218 qui
1152 4148 1320 4217 pabulatum

297 4214 433 4295 exierant,
447 4215 537 4270 vetuit
549 4216 653 4297 occid,
667 4217 742 4339 quod
755 4216 992 4272 diceretvelocius
1002 4233 1049 4271 eos
1059 4216 1252 4288 absumpturos
1261 4215 1318 4271 fru-

296 4288 384 4337 menti
393 4284 467 4354 quod
476 4284 620 4354 haberent,
631 4302 682 4355 sip
693 4303 756 4341 ures
765 4285 891 4341 fuissent.
