3384 4975
340 437 405 502 194
546 447 665 504 LIBER
681 444 838 516 XXXXV,
857 446 900 500 43.
914 445 957 500 44.
977 448 1160 517 [ouandi]

305 609 565 694 cperdomuerat
590 606 673 671 intra
698 626 819 691 paucos
841 604 909 670 dies
937 616 1021 670 terra
1046 607 1191 702 marique
1217 607 1374 691 ferocem,

339 704 417 769 locis
443 700 711 784 munimentisque
737 701 854 764 fretam
882 711 1012 785 gentem
1033 700 1230 786 Illyriorum3
1258 728 1376 793 regem

339 798 510 883 regiaeque
533 794 636 861 omnis
658 793 765 880 stirpis
788 806 926 880 ceperat.
974 796 1134 860 transtulit
1155 798 1189 862 in
1207 798 1374 887 triumpho

340 894 441 956 multa
462 890 612 959 militaria
634 890 727 975 signa
744 890 909 974 spoliaque
932 890 1045 954 aliast
1066 893 1298 975 supellectilem
1322 920 1375 963 re·

305 986 441 1070 agiam,
469 985 539 1050 auri
564 984 671 1070 pondo
693 983 808 1069 viginti
830 1001 864 1049 et
886 995 1025 1069 septem,
1053 986 1177 1070 argenti
1202 987 1317 1053 decem
1342 1002 1374 1056 et

339 1102 455 1145 novem
471 1078 595 1164 pondu,
613 1078 778 1143 decanum
797 1078 909 1143 decem
926 1078 987 1142 tria
1004 1077 1107 1155 milia,
1125 1090 1157 1144 et
1174 1091 1306 1146 centum
1325 1086 1373 1148 vi·

307 1174 422 1258 cginti
443 1174 532 1238 milia
548 1173 670 1258 Illyrici
692 1173 827 1258 argenti.
873 1184 948 1238 ante
972 1194 1100 1237 currum
1123 1174 1211 1239 ducti
1230 1174 1372 1243 Gentius

340 1291 397 1334 rex
415 1291 489 1333 cum
507 1268 644 1352 coniuge
662 1278 693 1333 et
711 1266 819 1331 liberis
837 1278 870 1331 et
888 1264 1099 1331 Caravantius
1118 1267 1216 1333 frater
1232 1272 1320 1356 regis
1340 1284 1373 1337 et

307 1380 321 1426 7
341 1363 461 1445 aliquot
486 1361 609 1426 nobiles
631 1361 732 1446 Illyri.
777 1361 818 1425 de
843 1360 965 1446 praeda
990 1361 1142 1426 militibus
1165 1363 1199 1426 in
1225 1363 1372 1449 singulos

339 1456 561 1541 quadragenos
580 1456 694 1539 quinos
712 1455 876 1532 denarios,
899 1455 1018 1539 duplex
1036 1456 1228 1534 centurioni,
1252 1457 1372 1542 triplex

341 1550 454 1634 equiti,
481 1550 574 1614 sociis
601 1549 738 1614 nominis
760 1548 871 1614 Latini
893 1559 1049 1632 quantum
1072 1549 1194 1614 civibus
1219 1560 1251 1616 et
1275 1554 1370 1617 sociis

307 1661 322 1708 8
341 1645 507 1710 navalibus
526 1643 613 1709 dedit
634 1653 791 1728 quantum
808 1643 972 1709 militibus.
1017 1643 1130 1707 laetior
1153 1643 1238 1709 hunc
1256 1647 1372 1710 trium-¹

339 1738 440 1822 phum
457 1748 506 1802 est
522 1747 651 1803 secutus
673 1739 780 1814 miles,
802 1737 974 1821 multisque
994 1737 1059 1800 dux
1083 1737 1151 1822 ipse
1174 1739 1370 1805 carminibus

341 1833 528 1896 celebratus.
556 1830 736 1896 sestertium
753 1830 940 1895 ducentiens
955 1853 995 1895 ex
1013 1853 1053 1895 ea
1069 1831 1189 1915 praeda
1202 1833 1370 1897 redactum

340 1949 409 1991 csse
423 1938 533 1990 auctor
547 1936 596 1991 est
604 1925 731 2002 Antias,
751 1935 877 2011 praeter
891 1948 1006 1989 aurum
1019 1935 1263 2009 argentumque,
1281 1929 1371 2010 quod

340 2021 374 2082 in
396 2020 553 2084 aerarium
576 2021 617 2083 sit
638 2020 754 2097 latum3
781 2019 869 2102 quod
895 2019 971 2102 quia
993 2018 1078 2082 unde
1101 2019 1204 2104 redigi
1230 2023 1371 2106 potuerit

307 2130 321 2177 9
341 2134 405 2176 non
423 2113 608 2198 apparebat,
627 2124 790 2178 auctorem
807 2134 866 2198 pro
884 2135 918 2178 re
937 2112 1040 2197 posui.
1069 2135 1126 2177 rex
1137 2112 1275 2178 Gentius
1295 2136 1370 2178 cum

340 2208 447 2271 liberis
470 2218 503 2272 et
528 2207 669 2292 coniuge·
687 2217 719 2272 et
744 2208 843 2273 fratre
867 2206 1045 2292 Spoletium
1067 2205 1101 2269 in
1124 2207 1299 2272 custodiam
1327 2232 1370 2273 ex

341 2312 469 2365 senatus
484 2302 627 2365 consulto
643 2301 768 2376 ductus,
786 2302 883 2366 ceteri
898 2301 1015 2385 captivi
1025 2301 1147 2365 Romae
1160 2302 1192 2364 in
1206 2323 1369 2364 carcerem

341 2395 488 2469 coniecti3
510 2395 794 2478 recusantibusque
818 2394 997 2459 custodiam
1021 2393 1190 2477 Spoletinis
1211 2392 1369 2478 Iguvium

291 2506 323 2551 ro
341 2510 433 2573 reges
452 2488 597 2552 traducti.
624 2488 757 2553 relicum
775 2512 815 2553 ex
824 2490 953 2573 Illyrica
970 2488 1091 2573 praeda
1108 2489 1235 2553 ducenti
1252 2488 1370 2574 viginti

341 2582 438 2647 lembi
465 2593 569 2659 erant,
597 2581 637 2646 de
660 2580 778 2647 Gentio
805 2605 881 2667 rege
910 2583 1010 2667 capti;
1038 2604 1092 2646 eos
1121 2580 1308 2672 Corcyraeis
1336 2594 1369 2647 et

341 2676 599 2761 Apolloniatibus
627 2686 658 2741 et
684 2676 918 2761 Dyrrhachinis
943 2676 986 2757 Q.
1011 2675 1142 2741 Cassius
1172 2701 1211 2742 ex
1239 2689 1368 2742 senatus

341 2772 485 2835 consulto
504 2771 622 2836 tribuit.

309 2880 320 2925 1
406 2863 635 2927 XXXXIIII.
657 2862 814 2929 Consules
830 2885 868 2929 eo
883 2886 966 2928 anno
981 2886 1058 2949 agro
1075 2874 1199 2928 tantum
1208 2864 1371 2950 Ligurum

342 2958 511 3040 populato,
544 2979 618 3020 cum
648 2957 755 3023 hostes
783 2958 942 3023 exercitus
969 2979 1146 3040 numquam
1173 2960 1369 3037 eduxissent,

340 3050 428 3112 nulla
445 3072 480 3113 re
497 3051 695 3113 memorabili
711 3063 803 3135 gesta
820 3051 959 3116 Romam
976 3051 1018 3115 ad
1034 3052 1239 3137 magistratus
1257 3054 1371 3117 subro-

340 3143 463 3228 gandos
486 3143 663 3219 redierunt,
687 3154 720 3208 et
740 3146 843 3230 primo
867 3146 1017 3210 comitiali
1041 3146 1092 3210 die
1116 3148 1261 3211 consules
1281 3169 1370 3212 crea-

308 3253 324 3300 2
342 3249 416 3301 runt
433 3238 480 3301 M.
492 3234 665 3302 Claudium
682 3237 884 3316 Marcellum,
904 3238 942 3304 C.
955 3238 1132 3324 Sulpicium
1153 3237 1295 3315 Gallum,
1315 3241 1372 3304 de·

340 3332 415 3396 inde
446 3348 608 3416 praetores
639 3342 766 3415 postero
800 3334 851 3398 die
882 3334 923 3398 L.
951 3329 1090 3410 Iulium,
1122 3333 1163 3397 L.
1191 3335 1371 3419 Apuleium

342 3425 562 3503 Saturninum,
580 3426 623 3491 A.
638 3426 800 3492 Licinium
818 3429 970 3505 Nervam,
989 3428 1028 3491 P.
1044 3428 1200 3494 Rutilium
1220 3426 1370 3505 Calvum,

341 3521 381 3585 P.
400 3520 610 3601 Quinctilium
632 3521 771 3599 Varum,
799 3522 849 3586 Μ.
867 3522 1047 3588 Fonteium.
1091 3522 1141 3586 his
1167 3522 1370 3606 praetoribus

342 3617 424 3681 duae
443 3617 584 3681 urbanae
607 3616 790 3700 provinciae
808 3627 884 3681 sunt
901 3619 1061 3695 decretae,
1081 3618 1163 3681 duae
1182 3615 1372 3701 Hispaniae,

342 3709 454 3775 Sicilia
472 3731 509 3773 ac
527 3708 685 3775 Sardinia.

307 3826 324 3872 3
406 3803 634 3868 Intercalatum
659 3825 698 3868 eo
725 3824 823 3882 ann03
850 3805 1002 3890 postridie
1024 3804 1218 3869 Terminalia
1247 3800 1373 3887 [kalen-

344 3893 419 3980 dae]
441 3896 658 3961 intercalariae
679 3896 817 3961 fuerunt.
863 3920 966 3983 augur
988 3919 1025 3961 eo
1048 3921 1132 3963 anno
1154 3907 1299 3961 mortuus
1323 3905 1373 3959 est

344 3984 383 4051 C.
394 3987 564 4068 Claudium
582 3992 616 4054 in
628 3991 696 4055 eius
710 3992 817 4055 locum
830 4014 968 4077 augures
986 3993 1133 4077 legerunt
1145 3993 1256 4057 Titum
1267 3989 1373 4072 Quin·

344 4080 684 4240 lcjtiumpllamininum.
712 4097 743 4151 et
761 4087 878 4152 flamen
896 4084 1071 4167 Quirinalis
1090 4099 1234 4153 mortuus
1249 4084 1291 4167 Q.
1307 4083 1374 4148 Fa·

366 4195 417 4239 tus
464 4189 553 4244 rotor.
