3384 4975
516 492 805 562 amsulxxxxu
825 493 866 546 aa
881 493 924 561 ao,
945 491 1096 562 [aenei]
1258 481 1321 546 179

297 649 542 736 septentrionem
568 649 655 714 Bora
680 671 772 713 mons
798 648 949 725 obicitur3
982 648 1105 714 adiecta
1138 649 1211 715 huic
1236 650 1320 735 parti

295 745 383 831 regio
401 743 577 821 Paeoniae,
603 765 668 826 qua
690 743 734 808 ab
756 765 872 811 occasu
898 753 1023 828 praeter
1044 743 1167 807 Axium
1193 766 1319 809 amnem

295 837 481 924 porrigitur3
499 836 623 901 Edessa
637 858 764 920 quoque
783 848 813 903 et
822 838 947 901 Beroea
960 836 1072 919 eodem
1087 849 1318 901 concesserunt.

295 943 410 1014 quarta
435 930 524 1014 regio
551 939 638 993 trans
666 930 795 994 dorsum
820 928 953 1016 [Bonae]
984 930 1115 1007 montis,
1142 954 1206 996 una
1231 942 1354 1016 partes

296 1024 429 1089 confinis
447 1024 587 1108 Illyrico,
606 1024 705 1087 altera
719 1023 829 1107 Epiro.
858 1025 961 1108 capita
977 1024 1153 1108 regionum,
1171 1024 1228 1088 ubi
1245 1046 1321 1089 oon-

296 1118 368 1182 eilia
380 1118 502 1193 fierent,
520 1117 641 1201 primae
654 1117 793 1202 regionis
801 1118 1032 1202 Amphipolim,
1051 1117 1209 1182 secundae
1218 1117 1320 1183 Thes·

297 1211 471 1287 salonicen,
490 1211 600 1274 tertiae
617 1211 757 1287 Pellam,
776 1223 907 1294 quartae
925 1212 1135 1296 Pelagoniam
1152 1210 1237 1275 fecit.
1282 1233 1320 1276 eo

296 1303 429 1367 concilia
446 1325 522 1367 suae
540 1303 695 1386 cuiusque
709 1304 847 1389 regionis
866 1304 972 1381 indici,
990 1305 1158 1388 pecuniam
1172 1302 1318 1380 conferri,

295 1399 339 1463 ibi
357 1399 561 1483 magistratus
580 1401 679 1463 creari
699 1399 801 1463 iussit.
846 1399 1061 1485 pronuntiavit
1079 1398 1193 1464 deinde
1215 1419 1319 1481 neque
1339 1417 1371 1464 10

296 1491 468 1556 conubium
489 1513 592 1574 neque
616 1494 842 1557 commercium
866 1513 1014 1579 agrorum
1042 1493 1319 1575 aedificiorumque

296 1586 378 1648 inter
395 1607 429 1648 se
452 1585 578 1669 plaeere
597 1587 746 1668 cuiquam
769 1598 859 1650 extra
880 1588 958 1651 fines
982 1586 1120 1670 regionis
1143 1609 1219 1651 suae
1238 1608 1317 1651 esse.
1338 1603 1368 1648 11

295 1679 424 1743 metalla
442 1699 568 1760 quoque
585 1679 654 1743 auri
672 1689 767 1762 atque
785 1680 909 1764 argenti
926 1701 990 1743 non
1004 1680 1153 1753 exerceri,
1171 1701 1230 1743 nec
1245 1678 1321 1742 ferri

297 1781 328 1835 et
350 1771 431 1834 aeris
457 1771 607 1855 permitti.
652 1774 788 1858 vectigal
812 1774 1032 1838 exercentibus
1059 1771 1225 1836 dimidium
1252 1772 1319 1835 eius

295 1863 467 1947 inpositum
494 1865 580 1947 quod
605 1867 830 1949 pependissent
856 1867 934 1952 regi.
980 1876 1011 1930 et
1038 1866 1104 1930 sale
1126 1865 1250 1929 invecto
1272 1864 1320 1928 uti

296 1956 405 2020 vetuit.
450 1956 611 2020 Dardanis
638 1961 854 2043 repetentibus
878 1961 1068 2033 Paeoniam,
1097 1959 1184 2041 quod
1208 1971 1239 2021 et
1262 1981 1320 2022 sua
1339 1975 1370 2020 12

296 2050 409 2113 fuisset
422 2059 453 2113 et
467 2051 630 2115 continens
645 2064 728 2116 esset
744 2054 860 2116 finibus
876 2054 950 2128 suis,
969 2052 1116 2116 omnibus
1133 2053 1207 2115 dare
1225 2052 1319 2116 liber·

296 2153 394 2207 tatem
411 2144 642 2227 pronuntiavit,
665 2145 720 2226 qui
739 2145 799 2208 sub
817 2167 915 2229 regno
933 2145 1043 2208 Persei
1061 2144 1204 2207 fuissent.
1248 2153 1320 2226 post
1340 2159 1371 2205 13

296 2257 360 2299 non
380 2236 582 2319 impetratam
599 2237 774 2301 Paeoniam
798 2239 872 2302 salis
891 2236 1115 2302 commercium
1134 2237 1234 2312 dedit3
1258 2247 1320 2299 ter-

296 2330 358 2394 tiae
383 2329 508 2414 regioni
531 2331 712 2415 imperavit,
739 2343 776 2396 ut
799 2331 916 2397 Stobos
934 2331 1095 2395 Paeoniae
1119 2329 1320 2404 deveherent,

295 2425 495 2509 pretiumque
518 2426 636 2490 statuit.
680 2427 828 2492 navalem
845 2427 1011 2491 materiam
1029 2436 1061 2490 et
1083 2426 1170 2511 ipsos
1189 2423 1320 2489 caedere
1340 2439 1372 2487 14

297 2529 329 2583 et
355 2518 432 2581 alios
459 2519 527 2601 pati
553 2522 663 2584 vetuit.
713 2523 904 2606 regionibus·
920 2544 1001 2604 quae
1029 2521 1149 2585 adfines
1176 2519 1319 2582 barbaris

268 2682 273 2694 .
297 2622 595 2696 essent-excepta
609 2624 717 2677 autem
735 2617 827 2679 tertia
844 2638 953 2677 omnes
968 2612 1268 2696 erant-permisit,
1286 2621 1323 2673 ut

296 2704 455 2790 praesidia
472 2716 594 2769 armata
611 2707 644 2770 in
662 2708 779 2770 finibus
798 2708 946 2772 extremis
966 2707 1127 2770 haberent.

359 2798 480 2862 XXX
508 2801 601 2864 Haec
623 2802 827 2885 pronuntiata
849 2802 950 2887 primo
969 2801 1019 2865 die
1038 2809 1211 2864 conventus
1234 2797 1353 2863 variet

297 2892 483 2957 adfecerunt
501 2894 631 2957 animos.
659 2895 788 2960 libertas
806 2904 931 2981 praeter
949 2917 1038 2979 spem
1056 2893 1130 2957 data
1148 2890 1271 2956 adrexit
1288 2900 1321 2955 et

296 2988 436 3051 levatum
454 3010 594 3051 annuum
612 2990 758 3074 vectigal.
802 2988 991 3074 regionatim
1013 2986 1202 3051 commercio
1224 2985 1353 3048 inter-a

296 3081 381 3164 rupti
400 3079 491 3165 [sibi]
511 3082 556 3144 ita
577 3082 677 3147 videri
699 3083 828 3147 lacerati
851 3095 1013 3164 tamquam
1032 3080 1160 3145 annuali
1182 3078 1215 3142 in
1233 3089 1320 3141 artus

297 3174 430 3235 alterum
448 3174 575 3237 alterius
593 3175 763 3260 indigentis
782 3177 930 3241 distracto
936 3200 944 3252 3
964 3176 1054 3250 adeo,
1073 3186 1193 3258 quanta
1210 3172 1322 3235 Mace·

298 3267 393 3329 donia
410 3278 507 3344 esset,
526 3290 623 3351 quam
641 3271 757 3334 divisui
774 3271 876 3334 facilis
896 3282 977 3334 etse
995 3270 1064 3353 ipsa
1082 3288 1228 3350 quaeque
1247 3287 1322 3329 oon-

297 3370 386 3422 tenta
406 3382 480 3443 pars
504 3373 601 3438 esset,
628 3364 823 3428 Macedones
846 3384 973 3445 quoque
997 3360 1197 3445 ignorabant.
1247 3380 1320 3441 pars
1340 3376 1356 3421 a

298 3453 400 3535 prima
417 3453 554 3517 Bisaltas
577 3456 687 3533 habet,
711 3457 898 3519 fortissimos
916 3457 1000 3517 viros
1017 3490 1060 3501 -
1077 3465 1163 3517 trans
1182 3452 1321 3514 Nessum

299 3567 425 3608 amnem
446 3547 588 3610 incolunt
611 3558 642 3610 et
664 3548 747 3611 circa
767 3546 970 3630 Strymonem
988 3581 1044 3621 -,
1068 3556 1099 3607 et
1117 3544 1232 3606 multas
1255 3542 1322 3603 fru-

298 3658 376 3723 gum
389 3638 597 3722 proprietates
608 3651 639 3702 et
653 3639 780 3703 metalla
790 3650 822 3703 et
830 3639 1099 3723 opportunitatem
1108 3634 1321 3719 Amphipolis,

299 3753 381 3814 quae
404 3731 529 3795 obieeta
551 3732 670 3796 claudit
692 3755 801 3799 omnes
824 3734 866 3797 ab
888 3732 1007 3796 oriente
1030 3731 1096 3794 sole
1117 3730 1150 3793 in
1171 3726 1322 3791 Macedo-

298 3825 385 3889 niam
403 3825 516 3890 aditus.
552 3827 692 3890 secunda
709 3850 783 3913 pars
801 3826 1020 3893 celeberrimas
1039 3824 1133 3888 urbes
1151 3820 1358 3888 Thessalo-i

298 3920 391 3984 nioen
411 3916 470 4003 [et]
491 3917 724 3985 Cassandream
742 3921 847 3997 habet,
866 3919 984 3985 adhoc
1002 3919 1167 3992 Pallenen,
1185 3913 1320 3979 fertilem

299 4034 337 4077 ao
358 4012 545 4098 frugiferam
568 4025 698 4094 terram;
726 4015 898 4080 maritimas
921 4034 1047 4097 quoque
1071 4008 1320 4094 opportunitates

300 4112 329 4177 ci
342 4113 495 4197 praebent
508 4122 618 4198 portus
633 4111 675 4175 ad
689 4111 838 4175 Toronen
852 4132 889 4174 ae
903 4117 1044 4171 montem
1053 4105 1164 4168 Athon
1173 4113 1204 4168 et
1213 4103 1322 4166 Acan-

300 4204 400 4283 thum,
419 4207 461 4272 ad
469 4207 618 4293 Aegeum
632 4228 719 4271 mare
734 4205 787 4269 alii
804 4204 1005 4285 insulamque
1014 4200 1191 4354 Eubpgam,
1210 4196 1263 4261 alii
1278 4194 1321 4259 ad
