<?xml version="1.0" encoding="UTF-8"?>
<!DOCTYPE html PUBLIC "-//W3C//DTD XHTML 1.0 Transitional//EN"
    "http://www.w3.org/TR/xhtml1/DTD/xhtml1-transitional.dtd">
<html xmlns="http://www.w3.org/1999/xhtml" xml:lang="en" lang="en">
 <head>
  <title>
</title>
<meta http-equiv="Content-Type" content="text/html;charset=utf-8" />
  <meta name='ocr-system' content='tesseract 3.04.00' />
  <meta name='ocr-capabilities' content='ocr_page ocr_carea ocr_par ocr_line ocrx_word'/>
</head>
<body>
  <div class='ocr_page' id='page_1' title='image "./titiliviaburbec04livygoog_0094.png"; bbox 0 0 3384 4975; ppageno 0'>
   <div class='ocr_carea' id='block_1_1' title="bbox 229 460 1145 585">
    <p class='ocr_par' dir='ltr' id='par_1_1' title="bbox 229 460 1145 585">
     <span class='ocr_line' id='line_1_1' title="bbox 229 460 1145 585; baseline -0.002 -12"><span class='ocrx_word' id='word_1_1' title='bbox 229 460 239 487; x_wconf 56' lang='lat'>⁸</span> <span class='ocrx_word' id='word_1_2' title='bbox 324 507 369 572; x_wconf 85' lang='grc'>44</span> <span class='ocrx_word' id='word_1_3' title='bbox 530 517 648 573; x_wconf 82' lang='lat' dir='ltr'><strong>LIBER</strong></span> <span class='ocrx_word' id='word_1_4' title='bbox 664 514 822 585; x_wconf 81' lang='lat' dir='ltr'>XXXXII,</span> <span class='ocrx_word' id='word_1_5' title='bbox 841 515 885 570; x_wconf 77' lang='lat'>20.</span> <span class='ocrx_word' id='word_1_6' title='bbox 897 515 941 570; x_wconf 81' lang='lat'>21.</span> <span class='ocrx_word' id='word_1_7' title='bbox 959 520 1036 582; x_wconf 71' lang='lat' dir='ltr'>[au.</span> <span class='ocrx_word' id='word_1_8' title='bbox 1046 516 1145 582; x_wconf 72' lang='lat' dir='ltr'>ausa]</span> 
     </span>
    </p>
   </div>
   <div class='ocr_carea' id='block_1_2' title="bbox 291 670 1360 4335">
    <p class='ocr_par' dir='ltr' id='par_1_2' title="bbox 325 670 1353 947">
     <span class='ocr_line' id='line_1_2' title="bbox 327 670 1353 760; baseline -0.005 -15"><span class='ocrx_word' id='word_1_9' title='bbox 327 676 568 745; x_wconf 83' lang='lat' dir='ltr'>sacrificandum</span> <span class='ocrx_word' id='word_1_10' title='bbox 586 683 618 739; x_wconf 86' lang='lat' dir='ltr'>et</span> <span class='ocrx_word' id='word_1_11' title='bbox 639 673 673 737; x_wconf 92' lang='lat' dir='ltr'>in</span> <span class='ocrx_word' id='word_1_12' title='bbox 692 670 853 757; x_wconf 77' lang='lat' dir='ltr'>Capitolio</span> <span class='ocrx_word' id='word_1_13' title='bbox 871 671 994 738; x_wconf 88' lang='lat' dir='ltr'>Romae</span> <span class='ocrx_word' id='word_1_14' title='bbox 1012 682 1044 737; x_wconf 84' lang='lat' dir='ltr'>et</span> <span class='ocrx_word' id='word_1_15' title='bbox 1061 672 1094 736; x_wconf 92' lang='lat' dir='ltr'>in</span> <span class='ocrx_word' id='word_1_16' title='bbox 1114 670 1293 760; x_wconf 82' lang='lat' dir='ltr'>Campania</span> <span class='ocrx_word' id='word_1_17' title='bbox 1311 678 1353 740; x_wconf 91' lang='lat' dir='ltr'>ad</span> 
     </span>
     <span class='ocr_line' id='line_1_3' title="bbox 325 766 1353 854; baseline -0.004 -15"><span class='ocrx_word' id='word_1_18' title='bbox 325 774 493 838; x_wconf 84' lang='lat' dir='ltr'>Minervae</span> <span class='ocrx_word' id='word_1_19' title='bbox 514 767 769 854; x_wconf 90' lang='lat' dir='ltr'>promunturium</span> <span class='ocrx_word' id='word_1_20' title='bbox 790 767 1025 843; x_wconf 87' lang='lat' dir='ltr'>renuntiarunt3</span> <span class='ocrx_word' id='word_1_21' title='bbox 1047 766 1140 831; x_wconf 91' lang='lat' dir='ltr'>ludos</span> <span class='ocrx_word' id='word_1_22' title='bbox 1161 790 1219 852; x_wconf 91' lang='lat' dir='ltr'>per</span> <span class='ocrx_word' id='word_1_23' title='bbox 1241 770 1353 834; x_wconf 92' lang='lat' dir='ltr'>decem</span> 
     </span>
     <span class='ocr_line' id='line_1_4' title="bbox 326 861 1352 947; baseline -0.003 -16"><span class='ocrx_word' id='word_1_24' title='bbox 326 867 394 933; x_wconf 90' lang='lat' dir='ltr'>dies</span> <span class='ocrx_word' id='word_1_25' title='bbox 416 864 487 930; x_wconf 88' lang='lat' dir='ltr'>Iovi</span> <span class='ocrx_word' id='word_1_26' title='bbox 511 863 630 947; x_wconf 90' lang='lat' dir='ltr'>optimo</span> <span class='ocrx_word' id='word_1_27' title='bbox 656 861 796 924; x_wconf 84' lang='lat' dir='ltr'>maximo</span> <span class='ocrx_word' id='word_1_28' title='bbox 823 861 926 944; x_wconf 91' lang='lat' dir='ltr'>primo</span> <span class='ocrx_word' id='word_1_29' title='bbox 949 882 1078 943; x_wconf 91' lang='lat' dir='ltr'>quoque</span> <span class='ocrx_word' id='word_1_30' title='bbox 1100 861 1151 926; x_wconf 92' lang='lat' dir='ltr'>die</span> <span class='ocrx_word' id='word_1_31' title='bbox 1177 862 1352 928; x_wconf 87' lang='lat' dir='ltr'>faciendos.</span> 
     </span>
    </p>

    <p class='ocr_par' dir='ltr' id='par_1_3' title="bbox 291 955 1353 1234">
     <span class='ocr_line' id='line_1_5' title="bbox 291 955 1353 1038; baseline -0.006 -10"><span class='ocrx_word' id='word_1_32' title='bbox 291 985 307 1029; x_wconf 87' lang='lat'>4</span> <span class='ocrx_word' id='word_1_33' title='bbox 326 984 364 1026; x_wconf 88' lang='lat' dir='ltr'>ea</span> <span class='ocrx_word' id='word_1_34' title='bbox 381 959 488 1025; x_wconf 88' lang='lat' dir='ltr'>omnia</span> <span class='ocrx_word' id='word_1_35' title='bbox 510 979 583 1021; x_wconf 90' lang='lat' dir='ltr'>cum</span> <span class='ocrx_word' id='word_1_36' title='bbox 602 978 678 1020; x_wconf 88' lang='lat' dir='ltr'>cura</span> <span class='ocrx_word' id='word_1_37' title='bbox 695 955 790 1018; x_wconf 83' lang='lat' dir='ltr'>facta.</span> <span class='ocrx_word' id='word_1_38' title='bbox 835 955 1018 1038; x_wconf 87' lang='lat' dir='ltr'>haruspices</span> <span class='ocrx_word' id='word_1_39' title='bbox 1040 956 1076 1018; x_wconf 91' lang='lat' dir='ltr'>in</span> <span class='ocrx_word' id='word_1_40' title='bbox 1100 955 1219 1020; x_wconf 92' lang='lat' dir='ltr'>bonum</span> <span class='ocrx_word' id='word_1_41' title='bbox 1242 980 1353 1022; x_wconf 90' lang='lat' dir='ltr'>versu-</span> 
     </span>
     <span class='ocr_line' id='line_1_6' title="bbox 324 1047 1353 1136; baseline -0.005 -16"><span class='ocrx_word' id='word_1_42' title='bbox 324 1077 397 1120; x_wconf 90' lang='lat' dir='ltr'>rum</span> <span class='ocrx_word' id='word_1_43' title='bbox 418 1053 452 1117; x_wconf 93' lang='lat' dir='ltr'>id</span> <span class='ocrx_word' id='word_1_44' title='bbox 473 1049 671 1136; x_wconf 89' lang='lat' dir='ltr'>prodigium,</span> <span class='ocrx_word' id='word_1_45' title='bbox 698 1048 972 1133; x_wconf 81' lang='lat' dir='ltr'>prolationemque</span> <span class='ocrx_word' id='word_1_46' title='bbox 997 1047 1109 1112; x_wconf 88' lang='lat' dir='ltr'>finium</span> <span class='ocrx_word' id='word_1_47' title='bbox 1132 1062 1163 1114; x_wconf 92' lang='lat' dir='ltr'>et</span> <span class='ocrx_word' id='word_1_48' title='bbox 1189 1051 1353 1115; x_wconf 91' lang='lat' dir='ltr'>interitum</span> 
     </span>
     <span class='ocr_line' id='line_1_7' title="bbox 325 1142 1353 1234; baseline -0.002 -22"><span class='ocrx_word' id='word_1_49' title='bbox 325 1146 536 1234; x_wconf 86' lang='lat' dir='ltr'>perduellium</span> <span class='ocrx_word' id='word_1_50' title='bbox 565 1142 711 1229; x_wconf 90' lang='lat' dir='ltr'>portendi</span> <span class='ocrx_word' id='word_1_51' title='bbox 742 1142 988 1226; x_wconf 89' lang='lat' dir='ltr'>responderunt,</span> <span class='ocrx_word' id='word_1_52' title='bbox 1024 1144 1111 1225; x_wconf 92' lang='lat' dir='ltr'>quod</span> <span class='ocrx_word' id='word_1_53' title='bbox 1137 1167 1178 1207; x_wconf 87' lang='lat' dir='ltr'>ex</span> <span class='ocrx_word' id='word_1_54' title='bbox 1207 1145 1353 1211; x_wconf 81' lang='lat' dir='ltr'>hostibus</span> 
     </span>
    </p>

    <p class='ocr_par' dir='ltr' id='par_1_4' title="bbox 292 1237 1354 1698">
     <span class='ocr_line' id='line_1_8' title="bbox 292 1237 1354 1327; baseline -0.003 -21"><span class='ocrx_word' id='word_1_55' title='bbox 292 1267 306 1311; x_wconf 82' lang='lat'>5</span> <span class='ocrx_word' id='word_1_56' title='bbox 325 1241 427 1327; x_wconf 91' lang='lat' dir='ltr'>spolia</span> <span class='ocrx_word' id='word_1_57' title='bbox 444 1240 580 1303; x_wconf 84' lang='lat' dir='ltr'>fuissent</span> <span class='ocrx_word' id='word_1_58' title='bbox 597 1259 636 1301; x_wconf 91' lang='lat' dir='ltr'>ea</span> <span class='ocrx_word' id='word_1_59' title='bbox 653 1246 771 1312; x_wconf 90' lang='lat' dir='ltr'>rostra,</span> <span class='ocrx_word' id='word_1_60' title='bbox 794 1257 877 1318; x_wconf 91' lang='lat' dir='ltr'>quae</span> <span class='ocrx_word' id='word_1_61' title='bbox 894 1248 1066 1320; x_wconf 76' lang='lat' dir='ltr'>tempestas</span> <span class='ocrx_word' id='word_1_62' title='bbox 1085 1237 1251 1303; x_wconf 86' lang='lat' dir='ltr'>diiecisset.</span> <span class='ocrx_word' id='word_1_63' title='bbox 1300 1261 1354 1303; x_wconf 87' lang='lat' dir='ltr'>ae-</span> 
     </span>
     <span class='ocr_line' id='line_1_9' title="bbox 326 1331 1353 1416; baseline -0.002 -16"><span class='ocrx_word' id='word_1_64' title='bbox 326 1345 489 1400; x_wconf 90' lang='lat' dir='ltr'>cesserunt</span> <span class='ocrx_word' id='word_1_65' title='bbox 505 1354 589 1415; x_wconf 90' lang='lat' dir='ltr'>quae</span> <span class='ocrx_word' id='word_1_66' title='bbox 608 1333 806 1395; x_wconf 83' lang='lat' dir='ltr'>cumularent</span> <span class='ocrx_word' id='word_1_67' title='bbox 828 1331 998 1416; x_wconf 77' lang='lat' dir='ltr'>religiones</span> <span class='ocrx_word' id='word_1_68' title='bbox 1022 1332 1145 1395; x_wconf 87' lang='lat' dir='ltr'>animis.</span> <span class='ocrx_word' id='word_1_69' title='bbox 1182 1331 1353 1398; x_wconf 83' lang='lat' dir='ltr'>Setumiae</span> 
     </span>
     <span class='ocr_line' id='line_1_10' title="bbox 324 1425 1352 1512; baseline 0 -20"><span class='ocrx_word' id='word_1_70' title='bbox 324 1429 505 1493; x_wconf 89' lang='lat' dir='ltr'>nuntiatum</span> <span class='ocrx_word' id='word_1_71' title='bbox 522 1438 590 1491; x_wconf 90' lang='lat' dir='ltr'>erat</span> <span class='ocrx_word' id='word_1_72' title='bbox 607 1426 763 1509; x_wconf 85' lang='lat' dir='ltr'>sanguine</span> <span class='ocrx_word' id='word_1_73' title='bbox 779 1446 838 1509; x_wconf 90' lang='lat' dir='ltr'>per</span> <span class='ocrx_word' id='word_1_74' title='bbox 855 1425 997 1489; x_wconf 88' lang='lat' dir='ltr'>triduum</span> <span class='ocrx_word' id='word_1_75' title='bbox 1014 1426 1048 1489; x_wconf 93' lang='lat' dir='ltr'>in</span> <span class='ocrx_word' id='word_1_76' title='bbox 1065 1427 1183 1511; x_wconf 89' lang='lat' dir='ltr'>oppido</span> <span class='ocrx_word' id='word_1_77' title='bbox 1201 1428 1352 1512; x_wconf 89' lang='lat' dir='ltr'>pluvisse,</span> 
     </span>
     <span class='ocr_line' id='line_1_11' title="bbox 326 1519 1353 1603; baseline -0.002 -15"><span class='ocrx_word' id='word_1_78' title='bbox 326 1522 470 1588; x_wconf 84' lang='lat' dir='ltr'>Calatiae</span> <span class='ocrx_word' id='word_1_79' title='bbox 488 1520 613 1586; x_wconf 87' lang='lat' dir='ltr'>asinum</span> <span class='ocrx_word' id='word_1_80' title='bbox 631 1519 785 1603; x_wconf 90' lang='lat' dir='ltr'>tripedem</span> <span class='ocrx_word' id='word_1_81' title='bbox 804 1530 915 1584; x_wconf 89' lang='lat' dir='ltr'>natum</span> <span class='ocrx_word' id='word_1_82' title='bbox 929 1531 960 1583; x_wconf 94' lang='lat' dir='ltr'>et</span> <span class='ocrx_word' id='word_1_83' title='bbox 978 1534 1105 1582; x_wconf 89' lang='lat' dir='ltr'>taurum</span> <span class='ocrx_word' id='word_1_84' title='bbox 1120 1543 1192 1583; x_wconf 89' lang='lat' dir='ltr'>cum</span> <span class='ocrx_word' id='word_1_85' title='bbox 1210 1521 1353 1603; x_wconf 87' lang='lat' dir='ltr'>quinque</span> 
     </span>
     <span class='ocr_line' id='line_1_12' title="bbox 325 1612 1353 1698; baseline -0.001 -18"><span class='ocrx_word' id='word_1_86' title='bbox 325 1616 431 1680; x_wconf 89' lang='lat' dir='ltr'>vaccis</span> <span class='ocrx_word' id='word_1_87' title='bbox 454 1636 518 1678; x_wconf 93' lang='lat' dir='ltr'>uno</span> <span class='ocrx_word' id='word_1_88' title='bbox 540 1613 606 1677; x_wconf 88' lang='lat' dir='ltr'>ictu</span> <span class='ocrx_word' id='word_1_89' title='bbox 629 1612 771 1677; x_wconf 80' lang='lat' dir='ltr'>fulminis</span> <span class='ocrx_word' id='word_1_90' title='bbox 797 1614 1009 1689; x_wconf 88' lang='lat' dir='ltr'>exanimatos,</span> <span class='ocrx_word' id='word_1_91' title='bbox 1028 1614 1161 1677; x_wconf 83' lang='lat' dir='ltr'>Auximi</span> <span class='ocrx_word' id='word_1_92' title='bbox 1179 1630 1264 1678; x_wconf 89' lang='lat' dir='ltr'>terra</span> <span class='ocrx_word' id='word_1_93' title='bbox 1280 1615 1353 1698; x_wconf 93' lang='lat' dir='ltr'>plu-</span> 
     </span>
    </p>

    <p class='ocr_par' dir='ltr' id='par_1_5' title="bbox 292 1706 1353 1887">
     <span class='ocr_line' id='line_1_13' title="bbox 292 1706 1353 1791; baseline -0.006 -14"><span class='ocrx_word' id='word_1_94' title='bbox 292 1733 307 1778; x_wconf 85' lang='lat' dir='ltr'>o</span> <span class='ocrx_word' id='word_1_95' title='bbox 327 1711 421 1774; x_wconf 89' lang='lat' dir='ltr'>visse.</span> <span class='ocrx_word' id='word_1_96' title='bbox 449 1708 564 1771; x_wconf 90' lang='lat' dir='ltr'>horum</span> <span class='ocrx_word' id='word_1_97' title='bbox 575 1727 702 1788; x_wconf 91' lang='lat' dir='ltr'>quoque</span> <span class='ocrx_word' id='word_1_98' title='bbox 716 1706 934 1791; x_wconf 88' lang='lat' dir='ltr'>prodigiorum</span> <span class='ocrx_word' id='word_1_99' title='bbox 944 1729 1041 1771; x_wconf 89' lang='lat' dir='ltr'>causa</span> <span class='ocrx_word' id='word_1_100' title='bbox 1050 1729 1100 1771; x_wconf 89' lang='lat' dir='ltr'>res</span> <span class='ocrx_word' id='word_1_101' title='bbox 1109 1707 1235 1775; x_wconf 85' lang='lat' dir='ltr'>divinae</span> <span class='ocrx_word' id='word_1_102' title='bbox 1248 1707 1353 1771; x_wconf 86' lang='lat' dir='ltr'>factae</span> 
     </span>
     <span class='ocr_line' id='line_1_14' title="bbox 326 1801 1120 1887; baseline -0.003 -19"><span class='ocrx_word' id='word_1_103' title='bbox 326 1815 359 1868; x_wconf 89' lang='lat' dir='ltr'>et</span> <span class='ocrx_word' id='word_1_104' title='bbox 376 1802 564 1887; x_wconf 83' lang='lat' dir='ltr'>supplicatio</span> <span class='ocrx_word' id='word_1_105' title='bbox 583 1823 683 1864; x_wconf 91' lang='lat' dir='ltr'>unum</span> <span class='ocrx_word' id='word_1_106' title='bbox 700 1801 785 1864; x_wconf 92' lang='lat' dir='ltr'>diem</span> <span class='ocrx_word' id='word_1_107' title='bbox 803 1801 965 1883; x_wconf 85' lang='lat' dir='ltr'>feriaeque</span> <span class='ocrx_word' id='word_1_108' title='bbox 983 1801 1120 1866; x_wconf 88' lang='lat' dir='ltr'>habitae.</span> 
     </span>
    </p>

    <p class='ocr_par' dir='ltr' id='par_1_6' title="bbox 293 1893 1352 2169">
     <span class='ocr_line' id='line_1_15' title="bbox 293 1893 1352 1980; baseline -0.004 -19"><span class='ocrx_word' id='word_1_109' title='bbox 293 1921 306 1966; x_wconf 91' lang='lat'>1</span> <span class='ocrx_word' id='word_1_110' title='bbox 389 1895 492 1961; x_wconf 85' lang='lat' dir='ltr'>XXI.</span> <span class='ocrx_word' id='word_1_111' title='bbox 521 1893 678 1960; x_wconf 82' lang='lat' dir='ltr'>Consules</span> <span class='ocrx_word' id='word_1_112' title='bbox 696 1895 737 1958; x_wconf 88' lang='lat' dir='ltr'>ad</span> <span class='ocrx_word' id='word_1_113' title='bbox 755 1895 788 1959; x_wconf 93' lang='lat' dir='ltr'>id</span> <span class='ocrx_word' id='word_1_114' title='bbox 806 1907 933 1980; x_wconf 89' lang='lat' dir='ltr'>tempus</span> <span class='ocrx_word' id='word_1_115' title='bbox 950 1895 984 1958; x_wconf 91' lang='lat' dir='ltr'>in</span> <span class='ocrx_word' id='word_1_116' title='bbox 1002 1895 1198 1980; x_wconf 88' lang='lat' dir='ltr'>provinciam</span> <span class='ocrx_word' id='word_1_117' title='bbox 1215 1916 1278 1958; x_wconf 89' lang='lat' dir='ltr'>non</span> <span class='ocrx_word' id='word_1_118' title='bbox 1296 1917 1352 1958; x_wconf 87' lang='lat' dir='ltr'>ex·</span> 
     </span>
     <span class='ocr_line' id='line_1_16' title="bbox 325 1988 1352 2074; baseline -0.004 -19"><span class='ocrx_word' id='word_1_119' title='bbox 325 1991 438 2067; x_wconf 88' lang='lat' dir='ltr'>ierant,</span> <span class='ocrx_word' id='word_1_120' title='bbox 465 1989 542 2072; x_wconf 91' lang='lat' dir='ltr'>quia</span> <span class='ocrx_word' id='word_1_121' title='bbox 563 2009 668 2071; x_wconf 89' lang='lat' dir='ltr'>neque</span> <span class='ocrx_word' id='word_1_122' title='bbox 690 1989 737 2052; x_wconf 91' lang='lat' dir='ltr'>uti</span> <span class='ocrx_word' id='word_1_123' title='bbox 761 1990 801 2053; x_wconf 90' lang='lat' dir='ltr'>de</span> <span class='ocrx_word' id='word_1_124' title='bbox 823 1990 873 2053; x_wconf 92' lang='lat' dir='ltr'>M.</span> <span class='ocrx_word' id='word_1_125' title='bbox 890 1988 1029 2074; x_wconf 91' lang='lat' dir='ltr'>Popillio</span> <span class='ocrx_word' id='word_1_126' title='bbox 1052 1989 1208 2054; x_wconf 88' lang='lat' dir='ltr'>referrent</span> <span class='ocrx_word' id='word_1_127' title='bbox 1228 1989 1352 2052; x_wconf 88' lang='lat' dir='ltr'>senatui</span> 
     </span>
     <span class='ocr_line' id='line_1_17' title="bbox 326 2083 1352 2169; baseline -0.002 -21"><span class='ocrx_word' id='word_1_128' title='bbox 326 2084 585 2167; x_wconf 86' lang='lat' dir='ltr'>obsequebantur</span> <span class='ocrx_word' id='word_1_129' title='bbox 611 2094 643 2148; x_wconf 93' lang='lat' dir='ltr'>et</span> <span class='ocrx_word' id='word_1_130' title='bbox 667 2083 745 2147; x_wconf 89' lang='lat' dir='ltr'>nihil</span> <span class='ocrx_word' id='word_1_131' title='bbox 771 2084 860 2147; x_wconf 91' lang='lat' dir='ltr'>aliud</span> <span class='ocrx_word' id='word_1_132' title='bbox 887 2085 1056 2149; x_wconf 80' lang='lat' dir='ltr'>decernere</span> <span class='ocrx_word' id='word_1_133' title='bbox 1083 2085 1171 2169; x_wconf 90' lang='lat' dir='ltr'>prius</span> <span class='ocrx_word' id='word_1_134' title='bbox 1198 2095 1352 2147; x_wconf 86' lang='lat' dir='ltr'>statutum</span> 
     </span>
    </p>

    <p class='ocr_par' dir='ltr' id='par_1_7' title="bbox 293 2177 1353 2546">
     <span class='ocr_line' id='line_1_18' title="bbox 293 2177 1352 2264; baseline -0.006 -17"><span class='ocrx_word' id='word_1_135' title='bbox 293 2203 307 2248; x_wconf 78' lang='lat' dir='ltr'>a</span> <span class='ocrx_word' id='word_1_136' title='bbox 326 2179 469 2264; x_wconf 85' lang='lat' dir='ltr'>patribus</span> <span class='ocrx_word' id='word_1_137' title='bbox 487 2189 564 2243; x_wconf 88' lang='lat' dir='ltr'>erat.</span> <span class='ocrx_word' id='word_1_138' title='bbox 592 2189 686 2242; x_wconf 88' lang='lat' dir='ltr'>aucta</span> <span class='ocrx_word' id='word_1_139' title='bbox 704 2177 799 2241; x_wconf 88' lang='lat' dir='ltr'>etiam</span> <span class='ocrx_word' id='word_1_140' title='bbox 816 2178 938 2243; x_wconf 89' lang='lat' dir='ltr'>invidia</span> <span class='ocrx_word' id='word_1_141' title='bbox 956 2191 1004 2243; x_wconf 88' lang='lat' dir='ltr'>est</span> <span class='ocrx_word' id='word_1_142' title='bbox 1012 2179 1131 2263; x_wconf 88' lang='lat' dir='ltr'>Popilli</span> <span class='ocrx_word' id='word_1_143' title='bbox 1147 2177 1259 2242; x_wconf 84' lang='lat' dir='ltr'>litteris</span> <span class='ocrx_word' id='word_1_144' title='bbox 1273 2177 1352 2253; x_wconf 89' lang='lat' dir='ltr'>eius,</span> 
     </span>
     <span class='ocr_line' id='line_1_19' title="bbox 325 2271 1352 2357; baseline -0.004 -19"><span class='ocrx_word' id='word_1_145' title='bbox 325 2273 442 2356; x_wconf 90' lang='lat' dir='ltr'>quibus</span> <span class='ocrx_word' id='word_1_146' title='bbox 472 2272 589 2337; x_wconf 89' lang='lat' dir='ltr'>iterum</span> <span class='ocrx_word' id='word_1_147' title='bbox 620 2295 694 2336; x_wconf 90' lang='lat' dir='ltr'>cum</span> <span class='ocrx_word' id='word_1_148' title='bbox 726 2271 947 2338; x_wconf 86' lang='lat' dir='ltr'>Statellatibus</span> <span class='ocrx_word' id='word_1_149' title='bbox 973 2271 1152 2357; x_wconf 85' lang='lat' dir='ltr'>Liguribus</span> <span class='ocrx_word' id='word_1_150' title='bbox 1182 2271 1352 2357; x_wconf 87' lang='lat' dir='ltr'>proconsul</span> 
     </span>
     <span class='ocr_line' id='line_1_20' title="bbox 325 2366 1352 2451; baseline -0.001 -21"><span class='ocrx_word' id='word_1_151' title='bbox 325 2389 486 2451; x_wconf 89' lang='lat' dir='ltr'>pugnasse</span> <span class='ocrx_word' id='word_1_152' title='bbox 513 2388 547 2430; x_wconf 91' lang='lat' dir='ltr'>se</span> <span class='ocrx_word' id='word_1_153' title='bbox 570 2366 695 2449; x_wconf 88' lang='lat' dir='ltr'>scripsit</span> <span class='ocrx_word' id='word_1_154' title='bbox 718 2388 757 2431; x_wconf 92' lang='lat' dir='ltr'>ac</span> <span class='ocrx_word' id='word_1_155' title='bbox 779 2366 917 2431; x_wconf 90' lang='lat' dir='ltr'>sedecim</span> <span class='ocrx_word' id='word_1_156' title='bbox 939 2367 1027 2430; x_wconf 86' lang='lat' dir='ltr'>milia</span> <span class='ocrx_word' id='word_1_157' title='bbox 1050 2389 1160 2431; x_wconf 91' lang='lat' dir='ltr'>eorum</span> <span class='ocrx_word' id='word_1_158' title='bbox 1183 2366 1352 2440; x_wconf 88' lang='lat' dir='ltr'>occidisse;</span> 
     </span>
     <span class='ocr_line' id='line_1_21' title="bbox 324 2459 1353 2546; baseline -0.002 -21"><span class='ocrx_word' id='word_1_159' title='bbox 324 2470 455 2546; x_wconf 88' lang='lat' dir='ltr'>propter</span> <span class='ocrx_word' id='word_1_160' title='bbox 464 2459 555 2524; x_wconf 89' lang='lat' dir='ltr'>cuius</span> <span class='ocrx_word' id='word_1_161' title='bbox 569 2459 718 2524; x_wconf 90' lang='lat' dir='ltr'>iniuriam</span> <span class='ocrx_word' id='word_1_162' title='bbox 731 2460 807 2525; x_wconf 94' lang='lat' dir='ltr'>belli</span> <span class='ocrx_word' id='word_1_163' title='bbox 822 2461 918 2526; x_wconf 86' lang='lat' dir='ltr'>ceteri</span> <span class='ocrx_word' id='word_1_164' title='bbox 932 2481 1059 2545; x_wconf 91' lang='lat' dir='ltr'>quoque</span> <span class='ocrx_word' id='word_1_165' title='bbox 1070 2459 1229 2545; x_wconf 87' lang='lat' dir='ltr'>Ligurum</span> <span class='ocrx_word' id='word_1_166' title='bbox 1243 2460 1353 2544; x_wconf 91' lang='lat' dir='ltr'>populi</span> 
     </span>
    </p>

    <p class='ocr_par' dir='ltr' id='par_1_8' title="bbox 291 2553 1353 2825">
     <span class='ocr_line' id='line_1_22' title="bbox 291 2553 1352 2639; baseline -0.006 -16"><span class='ocrx_word' id='word_1_167' title='bbox 291 2556 367 2624; x_wconf 83' lang='lat' dir='ltr'>aad</span> <span class='ocrx_word' id='word_1_168' title='bbox 390 2577 480 2618; x_wconf 90' lang='lat' dir='ltr'>arma</span> <span class='ocrx_word' id='word_1_169' title='bbox 500 2553 615 2619; x_wconf 88' lang='lat' dir='ltr'>ierunt.</span> <span class='ocrx_word' id='word_1_170' title='bbox 659 2566 728 2618; x_wconf 89' lang='lat' dir='ltr'>tum</span> <span class='ocrx_word' id='word_1_171' title='bbox 750 2577 825 2619; x_wconf 89' lang='lat' dir='ltr'>vero</span> <span class='ocrx_word' id='word_1_172' title='bbox 847 2577 913 2619; x_wconf 91' lang='lat' dir='ltr'>non</span> <span class='ocrx_word' id='word_1_173' title='bbox 935 2556 1050 2619; x_wconf 88' lang='lat' dir='ltr'>absens</span> <span class='ocrx_word' id='word_1_174' title='bbox 1072 2555 1167 2618; x_wconf 91' lang='lat' dir='ltr'>modo</span> <span class='ocrx_word' id='word_1_175' title='bbox 1184 2553 1352 2639; x_wconf 88' lang='lat' dir='ltr'>Popillius,</span> 
     </span>
     <span class='ocr_line' id='line_1_23' title="bbox 325 2646 1353 2734; baseline -0.003 -20"><span class='ocrx_word' id='word_1_176' title='bbox 325 2648 382 2732; x_wconf 92' lang='lat' dir='ltr'>qui</span> <span class='ocrx_word' id='word_1_177' title='bbox 399 2649 515 2713; x_wconf 90' lang='lat' dir='ltr'>deditis</span> <span class='ocrx_word' id='word_1_178' title='bbox 533 2660 643 2713; x_wconf 89' lang='lat' dir='ltr'>contra</span> <span class='ocrx_word' id='word_1_179' title='bbox 658 2649 710 2715; x_wconf 91' lang='lat' dir='ltr'>ius</span> <span class='ocrx_word' id='word_1_180' title='bbox 723 2670 762 2714; x_wconf 91' lang='lat' dir='ltr'>ac</span> <span class='ocrx_word' id='word_1_181' title='bbox 779 2648 829 2714; x_wconf 82' lang='lat' dir='ltr'>fas</span> <span class='ocrx_word' id='word_1_182' title='bbox 847 2650 966 2714; x_wconf 92' lang='lat' dir='ltr'>bellum</span> <span class='ocrx_word' id='word_1_183' title='bbox 984 2649 1141 2713; x_wconf 89' lang='lat' dir='ltr'>intulisset</span> <span class='ocrx_word' id='word_1_184' title='bbox 1150 2646 1213 2734; x_wconf 89' lang='lat' dir='ltr'>[et]</span> <span class='ocrx_word' id='word_1_185' title='bbox 1223 2661 1353 2733; x_wconf 85' lang='lat' dir='ltr'>pacatos</span> 
     </span>
     <span class='ocr_line' id='line_1_24' title="bbox 326 2740 1353 2825; baseline -0.001 -19"><span class='ocrx_word' id='word_1_186' title='bbox 326 2744 367 2806; x_wconf 91' lang='lat' dir='ltr'>ad</span> <span class='ocrx_word' id='word_1_187' title='bbox 379 2743 600 2809; x_wconf 90' lang='lat' dir='ltr'>rebellandum</span> <span class='ocrx_word' id='word_1_188' title='bbox 613 2743 785 2818; x_wconf 80' lang='lat' dir='ltr'>incitasset,</span> <span class='ocrx_word' id='word_1_189' title='bbox 804 2740 862 2807; x_wconf 90' lang='lat' dir='ltr'>sed</span> <span class='ocrx_word' id='word_1_190' title='bbox 878 2744 1033 2819; x_wconf 87' lang='lat' dir='ltr'>consules,</span> <span class='ocrx_word' id='word_1_191' title='bbox 1053 2743 1138 2825; x_wconf 90' lang='lat' dir='ltr'>quod</span> <span class='ocrx_word' id='word_1_192' title='bbox 1154 2764 1218 2805; x_wconf 89' lang='lat' dir='ltr'>non</span> <span class='ocrx_word' id='word_1_193' title='bbox 1231 2742 1353 2807; x_wconf 87' lang='lat' dir='ltr'>exirent</span> 
     </span>
    </p>

    <p class='ocr_par' dir='ltr' id='par_1_9' title="bbox 291 2836 1354 3298">
     <span class='ocr_line' id='line_1_25' title="bbox 291 2836 1352 2921; baseline -0.008 -15"><span class='ocrx_word' id='word_1_194' title='bbox 291 2862 308 2906; x_wconf 85' lang='lat'>4</span> <span class='ocrx_word' id='word_1_195' title='bbox 325 2837 359 2899; x_wconf 89' lang='lat' dir='ltr'>in</span> <span class='ocrx_word' id='word_1_196' title='bbox 375 2837 582 2920; x_wconf 89' lang='lat' dir='ltr'>provinciam,</span> <span class='ocrx_word' id='word_1_197' title='bbox 600 2838 634 2900; x_wconf 91' lang='lat' dir='ltr'>in</span> <span class='ocrx_word' id='word_1_198' title='bbox 651 2847 764 2901; x_wconf 89' lang='lat' dir='ltr'>senatu</span> <span class='ocrx_word' id='word_1_199' title='bbox 781 2836 939 2921; x_wconf 88' lang='lat' dir='ltr'>increpiti.</span> <span class='ocrx_word' id='word_1_200' title='bbox 970 2836 1033 2900; x_wconf 93' lang='lat' dir='ltr'>hoc</span> <span class='ocrx_word' id='word_1_201' title='bbox 1050 2858 1207 2900; x_wconf 91' lang='lat' dir='ltr'>consensu</span> <span class='ocrx_word' id='word_1_202' title='bbox 1225 2847 1352 2920; x_wconf 88' lang='lat' dir='ltr'>patrum</span> 
     </span>
     <span class='ocr_line' id='line_1_26' title="bbox 326 2928 1353 3015; baseline 0 -22"><span class='ocrx_word' id='word_1_203' title='bbox 326 2930 451 2995; x_wconf 87' lang='lat' dir='ltr'>accensi</span> <span class='ocrx_word' id='word_1_204' title='bbox 468 2930 518 2993; x_wconf 88' lang='grc' dir='ltr'>Μ.</span> <span class='ocrx_word' id='word_1_205' title='bbox 535 2930 679 2993; x_wconf 89' lang='lat' dir='ltr'>Marcius</span> <span class='ocrx_word' id='word_1_206' title='bbox 699 2929 813 2996; x_wconf 89' lang='lat' dir='ltr'>Sermo</span> <span class='ocrx_word' id='word_1_207' title='bbox 832 2943 864 2995; x_wconf 90' lang='lat' dir='ltr'>et</span> <span class='ocrx_word' id='word_1_208' title='bbox 882 2931 924 3011; x_wconf 76' lang='lat' dir='ltr'>Q.</span> <span class='ocrx_word' id='word_1_209' title='bbox 943 2930 1088 2995; x_wconf 87' lang='lat' dir='ltr'>Marcius</span> <span class='ocrx_word' id='word_1_210' title='bbox 1107 2928 1217 3015; x_wconf 88' lang='lat' dir='ltr'>Scylla</span> <span class='ocrx_word' id='word_1_211' title='bbox 1234 2928 1353 2993; x_wconf 86' lang='lat' dir='ltr'>tribuni</span> 
     </span>
     <span class='ocr_line' id='line_1_27' title="bbox 325 3022 1354 3110; baseline 0 -24"><span class='ocrx_word' id='word_1_212' title='bbox 325 3022 427 3110; x_wconf 89' lang='lat' dir='ltr'>plebis</span> <span class='ocrx_word' id='word_1_213' title='bbox 445 3033 478 3087; x_wconf 84' lang='lat' dir='ltr'>et</span> <span class='ocrx_word' id='word_1_214' title='bbox 501 3023 685 3087; x_wconf 91' lang='lat' dir='ltr'>consulibus</span> <span class='ocrx_word' id='word_1_215' title='bbox 706 3025 839 3088; x_wconf 89' lang='lat' dir='ltr'>multam</span> <span class='ocrx_word' id='word_1_216' title='bbox 857 3047 893 3089; x_wconf 91' lang='lat' dir='ltr'>se</span> <span class='ocrx_word' id='word_1_217' title='bbox 911 3024 1066 3100; x_wconf 90' lang='lat' dir='ltr'>dicturos,</span> <span class='ocrx_word' id='word_1_218' title='bbox 1091 3025 1152 3088; x_wconf 89' lang='lat' dir='ltr'>nisi</span> <span class='ocrx_word' id='word_1_219' title='bbox 1169 3025 1202 3087; x_wconf 91' lang='lat' dir='ltr'>in</span> <span class='ocrx_word' id='word_1_220' title='bbox 1224 3024 1354 3108; x_wconf 84' lang='lat' dir='ltr'>provin·</span> 
     </span>
     <span class='ocr_line' id='line_1_28' title="bbox 326 3117 1353 3204; baseline 0.001 -23"><span class='ocrx_word' id='word_1_221' title='bbox 326 3117 409 3181; x_wconf 89' lang='lat' dir='ltr'>ciam</span> <span class='ocrx_word' id='word_1_222' title='bbox 426 3117 562 3194; x_wconf 85' lang='lat' dir='ltr'>exirent,</span> <span class='ocrx_word' id='word_1_223' title='bbox 587 3118 814 3183; x_wconf 87' lang='lat' dir='ltr'>denuntiarunt</span> <span class='ocrx_word' id='word_1_224' title='bbox 831 3130 864 3184; x_wconf 91' lang='lat' dir='ltr'>et</span> <span class='ocrx_word' id='word_1_225' title='bbox 885 3120 1099 3204; x_wconf 85' lang='lat' dir='ltr'>rogationem,</span> <span class='ocrx_word' id='word_1_226' title='bbox 1122 3141 1218 3202; x_wconf 90' lang='lat' dir='ltr'>quam</span> <span class='ocrx_word' id='word_1_227' title='bbox 1236 3119 1276 3182; x_wconf 93' lang='lat' dir='ltr'>de</span> <span class='ocrx_word' id='word_1_228' title='bbox 1294 3118 1353 3182; x_wconf 88' lang='lat' dir='ltr'>Li-</span> 
     </span>
     <span class='ocr_line' id='line_1_29' title="bbox 324 3211 1352 3298; baseline 0.001 -23"><span class='ocrx_word' id='word_1_229' title='bbox 324 3212 458 3297; x_wconf 88' lang='lat' dir='ltr'>guribus</span> <span class='ocrx_word' id='word_1_230' title='bbox 476 3211 590 3277; x_wconf 89' lang='lat' dir='ltr'>deditis</span> <span class='ocrx_word' id='word_1_231' title='bbox 607 3214 811 3298; x_wconf 86' lang='lat' dir='ltr'>promulgare</span> <span class='ocrx_word' id='word_1_232' title='bbox 828 3214 863 3277; x_wconf 92' lang='lat' dir='ltr'>in</span> <span class='ocrx_word' id='word_1_233' title='bbox 881 3215 986 3278; x_wconf 89' lang='lat' dir='ltr'>animo</span> <span class='ocrx_word' id='word_1_234' title='bbox 1006 3214 1169 3290; x_wconf 88' lang='lat' dir='ltr'>haberent,</span> <span class='ocrx_word' id='word_1_235' title='bbox 1187 3214 1220 3276; x_wconf 94' lang='lat' dir='ltr'>in</span> <span class='ocrx_word' id='word_1_236' title='bbox 1237 3225 1352 3278; x_wconf 86' lang='lat' dir='ltr'>senatu</span> 
     </span>
    </p>

    <p class='ocr_par' dir='ltr' id='par_1_10' title="bbox 292 3306 1360 3772">
     <span class='ocr_line' id='line_1_30' title="bbox 292 3306 1352 3390; baseline -0.001 -19"><span class='ocrx_word' id='word_1_237' title='bbox 292 3306 506 3379; x_wconf 71' lang='lat' dir='ltr'>srecitarunt.</span> <span class='ocrx_word' id='word_1_238' title='bbox 551 3307 768 3384; x_wconf 88' lang='lat' dir='ltr'>sanciebatur,</span> <span class='ocrx_word' id='word_1_239' title='bbox 795 3308 915 3390; x_wconf 91' lang='lat' dir='ltr'>utqui</span> <span class='ocrx_word' id='word_1_240' title='bbox 941 3331 982 3374; x_wconf 88' lang='lat' dir='ltr'>ex</span> <span class='ocrx_word' id='word_1_241' title='bbox 1011 3307 1152 3374; x_wconf 86' lang='lat' dir='ltr'>Statellis</span> <span class='ocrx_word' id='word_1_242' title='bbox 1179 3308 1293 3372; x_wconf 90' lang='lat' dir='ltr'>deditis</span> <span class='ocrx_word' id='word_1_243' title='bbox 1318 3308 1352 3371; x_wconf 94' lang='lat' dir='ltr'>in</span> 
     </span>
     <span class='ocr_line' id='line_1_31' title="bbox 324 3401 1353 3488; baseline -0.002 -22"><span class='ocrx_word' id='word_1_244' title='bbox 324 3401 504 3467; x_wconf 87' lang='lat' dir='ltr'>libertatem</span> <span class='ocrx_word' id='word_1_245' title='bbox 526 3402 690 3467; x_wconf 88' lang='lat' dir='ltr'>restitutus</span> <span class='ocrx_word' id='word_1_246' title='bbox 712 3415 786 3466; x_wconf 89' lang='lat' dir='ltr'>ante</span> <span class='ocrx_word' id='word_1_247' title='bbox 809 3403 958 3468; x_wconf 83' lang='lat' dir='ltr'>calenda-s</span> <span class='ocrx_word' id='word_1_248' title='bbox 982 3402 1120 3469; x_wconf 86' lang='lat' dir='ltr'>Sextiles</span> <span class='ocrx_word' id='word_1_249' title='bbox 1146 3403 1265 3488; x_wconf 88' lang='lat' dir='ltr'>primas</span> <span class='ocrx_word' id='word_1_250' title='bbox 1288 3424 1353 3465; x_wconf 90' lang='lat' dir='ltr'>non</span> 
     </span>
     <span class='ocr_line' id='line_1_32' title="bbox 325 3496 1360 3573; baseline -0.004 -10"><span class='ocrx_word' id='word_1_251' title='bbox 325 3506 419 3573; x_wconf 87' lang='lat' dir='ltr'>esset,</span> <span class='ocrx_word' id='word_1_252' title='bbox 438 3497 529 3562; x_wconf 90' lang='lat' dir='ltr'>cuius</span> <span class='ocrx_word' id='word_1_253' title='bbox 547 3496 621 3561; x_wconf 93' lang='lat' dir='ltr'>dolo</span> <span class='ocrx_word' id='word_1_254' title='bbox 638 3497 724 3562; x_wconf 89' lang='lat' dir='ltr'>malo</span> <span class='ocrx_word' id='word_1_255' title='bbox 740 3496 768 3561; x_wconf 90' lang='lat' dir='ltr'>is</span> <span class='ocrx_word' id='word_1_256' title='bbox 786 3496 820 3561; x_wconf 91' lang='lat' dir='ltr'>in</span> <span class='ocrx_word' id='word_1_257' title='bbox 837 3498 1023 3563; x_wconf 86' lang='lat' dir='ltr'>servitutem</span> <span class='ocrx_word' id='word_1_258' title='bbox 1041 3499 1192 3572; x_wconf 89' lang='lat' dir='ltr'>venisset,</span> <span class='ocrx_word' id='word_1_259' title='bbox 1215 3507 1251 3561; x_wconf 91' lang='lat' dir='ltr'>ut</span> <span class='ocrx_word' id='word_1_260' title='bbox 1267 3496 1360 3560; x_wconf 51' lang='lat' dir='ltr'>iura*</span> 
     </span>
     <span class='ocr_line' id='line_1_33' title="bbox 323 3591 1353 3678; baseline -0.004 -21"><span class='ocrx_word' id='word_1_261' title='bbox 323 3597 375 3657; x_wconf 88' lang='lat' dir='ltr'>tus</span> <span class='ocrx_word' id='word_1_262' title='bbox 393 3605 523 3659; x_wconf 89' lang='lat' dir='ltr'>senatus</span> <span class='ocrx_word' id='word_1_263' title='bbox 541 3594 740 3668; x_wconf 88' lang='lat' dir='ltr'>decemeret‚</span> <span class='ocrx_word' id='word_1_264' title='bbox 763 3593 819 3675; x_wconf 93' lang='lat' dir='ltr'>qui</span> <span class='ocrx_word' id='word_1_265' title='bbox 841 3616 912 3658; x_wconf 88' lang='lat' dir='ltr'>eam</span> <span class='ocrx_word' id='word_1_266' title='bbox 930 3616 998 3659; x_wconf 91' lang='lat' dir='ltr'>rem</span> <span class='ocrx_word' id='word_1_267' title='bbox 1020 3604 1187 3678; x_wconf 89' lang='lat' dir='ltr'>quaereret</span> <span class='ocrx_word' id='word_1_268' title='bbox 1210 3591 1353 3655; x_wconf 89' lang='lat' dir='ltr'>animad-</span> 
     </span>
     <span class='ocr_line' id='line_1_34' title="bbox 324 3685 1354 3772; baseline -0.002 -23"><span class='ocrx_word' id='word_1_269' title='bbox 324 3699 534 3772; x_wconf 87' lang='lat' dir='ltr'>verteretque.</span> <span class='ocrx_word' id='word_1_270' title='bbox 578 3711 619 3752; x_wconf 89' lang='lat' dir='ltr'>ex</span> <span class='ocrx_word' id='word_1_271' title='bbox 636 3688 824 3753; x_wconf 83' lang='lat' dir='ltr'>auctoritate</span> <span class='ocrx_word' id='word_1_272' title='bbox 843 3689 958 3755; x_wconf 90' lang='lat' dir='ltr'>deinde</span> <span class='ocrx_word' id='word_1_273' title='bbox 977 3700 1105 3754; x_wconf 86' lang='lat' dir='ltr'>senatus</span> <span class='ocrx_word' id='word_1_274' title='bbox 1124 3710 1195 3752; x_wconf 93' lang='lat' dir='ltr'>eam</span> <span class='ocrx_word' id='word_1_275' title='bbox 1213 3685 1354 3770; x_wconf 87' lang='lat' dir='ltr'>rogatio-</span> 
     </span>
    </p>

    <p class='ocr_par' dir='ltr' id='par_1_11' title="bbox 291 3780 1354 3961">
     <span class='ocr_line' id='line_1_35' title="bbox 291 3780 1354 3869; baseline -0.004 -22"><span class='ocrx_word' id='word_1_276' title='bbox 291 3803 306 3847; x_wconf 85' lang='lat' dir='ltr'>o</span> <span class='ocrx_word' id='word_1_277' title='bbox 324 3802 399 3844; x_wconf 91' lang='lat' dir='ltr'>nem</span> <span class='ocrx_word' id='word_1_278' title='bbox 416 3784 669 3868; x_wconf 89' lang='lat' dir='ltr'>promulgarunt.</span> <span class='ocrx_word' id='word_1_279' title='bbox 696 3782 883 3867; x_wconf 84' lang='lat' dir='ltr'>priusquam</span> <span class='ocrx_word' id='word_1_280' title='bbox 901 3784 1179 3869; x_wconf 89' lang='lat' dir='ltr'>proficiscerentur</span> <span class='ocrx_word' id='word_1_281' title='bbox 1196 3780 1354 3855; x_wconf 88' lang='lat' dir='ltr'>consules,</span> 
     </span>
     <span class='ocr_line' id='line_1_36' title="bbox 325 3870 1353 3961; baseline 0.002 -26"><span class='ocrx_word' id='word_1_282' title='bbox 325 3870 364 3935; x_wconf 87' lang='lat' dir='ltr'>O.</span> <span class='ocrx_word' id='word_1_283' title='bbox 384 3872 528 3941; x_wconf 81' lang='lat' dir='ltr'>Cicereio</span> <span class='ocrx_word' id='word_1_284' title='bbox 551 3874 720 3961; x_wconf 89' lang='lat' dir='ltr'>[praetori]</span> <span class='ocrx_word' id='word_1_285' title='bbox 748 3878 862 3961; x_wconf 88' lang='lat' dir='ltr'>prioris</span> <span class='ocrx_word' id='word_1_286' title='bbox 890 3879 965 3942; x_wconf 89' lang='lat' dir='ltr'>anni</span> <span class='ocrx_word' id='word_1_287' title='bbox 991 3877 1034 3940; x_wconf 88' lang='lat' dir='ltr'>ad</span> <span class='ocrx_word' id='word_1_288' title='bbox 1060 3876 1172 3940; x_wconf 88' lang='lat' dir='ltr'>aedem</span> <span class='ocrx_word' id='word_1_289' title='bbox 1199 3875 1353 3940; x_wconf 89' lang='lat' dir='ltr'>Bellonae</span> 
     </span>
    </p>

    <p class='ocr_par' dir='ltr' id='par_1_12' title="bbox 292 3967 1354 4241">
     <span class='ocr_line' id='line_1_37' title="bbox 292 3967 1354 4055; baseline 0 -23"><span class='ocrx_word' id='word_1_290' title='bbox 292 3987 306 4032; x_wconf 80' lang='lat'><strong>7</strong></span> <span class='ocrx_word' id='word_1_291' title='bbox 326 3976 454 4030; x_wconf 91' lang='lat' dir='ltr'>senatus</span> <span class='ocrx_word' id='word_1_292' title='bbox 472 3969 565 4033; x_wconf 87' lang='lat' dir='ltr'>datus</span> <span class='ocrx_word' id='word_1_293' title='bbox 584 3980 642 4033; x_wconf 87' lang='lat' dir='ltr'>est.</span> <span class='ocrx_word' id='word_1_294' title='bbox 685 3969 713 4033; x_wconf 91' lang='lat' dir='ltr'>is</span> <span class='ocrx_word' id='word_1_295' title='bbox 730 3971 885 4055; x_wconf 88' lang='lat' dir='ltr'>expositis</span> <span class='ocrx_word' id='word_1_296' title='bbox 908 3993 988 4054; x_wconf 91' lang='lat' dir='ltr'>quas</span> <span class='ocrx_word' id='word_1_297' title='bbox 1010 3969 1044 4033; x_wconf 95' lang='lat' dir='ltr'>in</span> <span class='ocrx_word' id='word_1_298' title='bbox 1063 3967 1194 4034; x_wconf 83' lang='lat' dir='ltr'>Corsica</span> <span class='ocrx_word' id='word_1_299' title='bbox 1210 3991 1262 4033; x_wconf 91' lang='lat' dir='ltr'>res</span> <span class='ocrx_word' id='word_1_300' title='bbox 1280 3990 1354 4053; x_wconf 91' lang='lat' dir='ltr'>ges·</span> 
     </span>
     <span class='ocr_line' id='line_1_38' title="bbox 325 4057 1353 4148; baseline 0.006 -28"><span class='ocrx_word' id='word_1_301' title='bbox 325 4057 431 4131; x_wconf 86' lang='lat' dir='ltr'>sisset,</span> <span class='ocrx_word' id='word_1_302' title='bbox 454 4064 679 4145; x_wconf 89' lang='lat' dir='ltr'>postulatoque</span> <span class='ocrx_word' id='word_1_303' title='bbox 701 4064 822 4129; x_wconf 88' lang='lat' dir='ltr'>frustra</span> <span class='ocrx_word' id='word_1_304' title='bbox 843 4063 1005 4148; x_wconf 89' lang='lat' dir='ltr'>triumpho</span> <span class='ocrx_word' id='word_1_305' title='bbox 1027 4062 1061 4126; x_wconf 90' lang='lat' dir='ltr'>in</span> <span class='ocrx_word' id='word_1_306' title='bbox 1086 4074 1193 4128; x_wconf 90' lang='lat' dir='ltr'>monte</span> <span class='ocrx_word' id='word_1_307' title='bbox 1211 4063 1353 4138; x_wconf 86' lang='lat' dir='ltr'>Albano,</span> 
     </span>
     <span class='ocr_line' id='line_1_39' title="bbox 326 4149 1351 4241; baseline 0.006 -28"><span class='ocrx_word' id='word_1_308' title='bbox 326 4149 493 4234; x_wconf 89' lang='lat' dir='ltr'>quodiam</span> <span class='ocrx_word' id='word_1_309' title='bbox 510 4153 544 4216; x_wconf 92' lang='lat' dir='ltr'>in</span> <span class='ocrx_word' id='word_1_310' title='bbox 560 4177 682 4220; x_wconf 90' lang='lat' dir='ltr'>morem</span> <span class='ocrx_word' id='word_1_311' title='bbox 698 4169 845 4235; x_wconf 87' lang='lat' dir='ltr'>venerat,</span> <span class='ocrx_word' id='word_1_312' title='bbox 868 4168 904 4222; x_wconf 91' lang='lat' dir='ltr'>ut</span> <span class='ocrx_word' id='word_1_313' title='bbox 926 4157 994 4221; x_wconf 91' lang='lat' dir='ltr'>sine</span> <span class='ocrx_word' id='word_1_314' title='bbox 1016 4158 1146 4241; x_wconf 85' lang='lat' dir='ltr'>publica</span> <span class='ocrx_word' id='word_1_315' title='bbox 1163 4156 1351 4221; x_wconf 87' lang='lat' dir='ltr'>auctoritate</span> 
     </span>
    </p>

    <p class='ocr_par' dir='ltr' id='par_1_13' title="bbox 292 4245 1352 4335">
     <span class='ocr_line' id='line_1_40' title="bbox 292 4245 1352 4335; baseline -0.003 -20"><span class='ocrx_word' id='word_1_316' title='bbox 292 4246 429 4323; x_wconf 81' lang='lat' dir='ltr'>sfieret,</span> <span class='ocrx_word' id='word_1_317' title='bbox 455 4245 672 4331; x_wconf 77' lang='lat' dir='ltr'>triumphavit.</span> <span class='ocrx_word' id='word_1_318' title='bbox 714 4252 914 4335; x_wconf 86' lang='lat' dir='ltr'>rogationem</span> <span class='ocrx_word' id='word_1_319' title='bbox 930 4251 1090 4316; x_wconf 88' lang='lat' dir='ltr'>Marciam</span> <span class='ocrx_word' id='word_1_320' title='bbox 1111 4252 1151 4317; x_wconf 93' lang='lat' dir='ltr'>de</span> <span class='ocrx_word' id='word_1_321' title='bbox 1173 4250 1352 4335; x_wconf 86' lang='lat' dir='ltr'>Liguribus</span> 
     </span>
    </p>
   </div>
   <div class='ocr_carea' id='block_1_3' title="bbox 0 0 1696 4975">
    <p class='ocr_par' dir='ltr' id='par_1_14' title="bbox 0 0 1696 4975">
     <span class='ocr_line' id='line_1_41' title="bbox 0 0 1696 4975; baseline 0 0"><span class='ocrx_word' id='word_1_322' title='bbox 0 0 1696 4975; x_wconf 95' lang='lat' dir='ltr'> </span> 
     </span>
    </p>
   </div>
  </div>
 </body>
</html>
