<?xml version="1.0" encoding="UTF-8"?>
<!DOCTYPE html PUBLIC "-//W3C//DTD XHTML 1.0 Transitional//EN"
    "http://www.w3.org/TR/xhtml1/DTD/xhtml1-transitional.dtd">
<html xmlns="http://www.w3.org/1999/xhtml" xml:lang="en" lang="en">
 <head>
  <title>
</title>
<meta http-equiv="Content-Type" content="text/html;charset=utf-8" />
  <meta name='ocr-system' content='tesseract 3.04.00' />
  <meta name='ocr-capabilities' content='ocr_page ocr_carea ocr_par ocr_line ocrx_word'/>
</head>
<body>
  <div class='ocr_page' id='page_1' title='image "./titiliviaburbec04livygoog_0106.png"; bbox 0 0 3384 4975; ppageno 0'>
   <div class='ocr_carea' id='block_1_1' title="bbox 404 511 1226 588">
    <p class='ocr_par' dir='ltr' id='par_1_1' title="bbox 404 511 1226 588">
     <span class='ocr_line' id='line_1_1' title="bbox 404 511 1226 588; baseline -0.001 -13"><span class='ocrx_word' id='word_1_1' title='bbox 404 511 445 577; x_wconf 88' lang='grc'>68</span> <span class='ocrx_word' id='word_1_2' title='bbox 611 519 728 575; x_wconf 84' lang='lat' dir='ltr'>LIBER</span> <span class='ocrx_word' id='word_1_3' title='bbox 745 519 905 588; x_wconf 88' lang='lat' dir='ltr'>XXXXII,</span> <span class='ocrx_word' id='word_1_4' title='bbox 924 519 966 574; x_wconf 80' lang='lat'>48.</span> <span class='ocrx_word' id='word_1_5' title='bbox 980 519 1022 573; x_wconf 89' lang='grc'>49.</span> <span class='ocrx_word' id='word_1_6' title='bbox 1042 521 1082 587; x_wconf 86' lang='lat' dir='ltr'>[a.</span> <span class='ocrx_word' id='word_1_7' title='bbox 1092 535 1119 572; x_wconf 91' lang='lat' dir='ltr'>u.</span> <span class='ocrx_word' id='word_1_8' title='bbox 1129 535 1153 574; x_wconf 91' lang='grc'>6.</span> <span class='ocrx_word' id='word_1_9' title='bbox 1163 518 1226 587; x_wconf 79' lang='lat'>583]</span> 
     </span>
    </p>
   </div>
   <div class='ocr_carea' id='block_1_2' title="bbox 325 675 1440 3110">
    <p class='ocr_par' dir='ltr' id='par_1_2' title="bbox 369 675 1440 1044">
     <span class='ocr_line' id='line_1_2' title="bbox 369 675 1440 765; baseline -0.002 -21"><span class='ocrx_word' id='word_1_10' title='bbox 369 703 383 750; x_wconf 77' lang='lat'>2</span> <span class='ocrx_word' id='word_1_11' title='bbox 403 679 533 765; x_wconf 91' lang='lat' dir='ltr'>placuit.</span> <span class='ocrx_word' id='word_1_12' title='bbox 578 677 691 744; x_wconf 87' lang='lat' dir='ltr'>eadem</span> <span class='ocrx_word' id='word_1_13' title='bbox 717 677 806 753; x_wconf 83' lang='lat' dir='ltr'>fere,</span> <span class='ocrx_word' id='word_1_14' title='bbox 826 696 910 760; x_wconf 89' lang='lat' dir='ltr'>quae</span> <span class='ocrx_word' id='word_1_15' title='bbox 936 676 970 738; x_wconf 92' lang='lat' dir='ltr'>in</span> <span class='ocrx_word' id='word_1_16' title='bbox 992 675 1161 758; x_wconf 90' lang='lat' dir='ltr'>conloquio</span> <span class='ocrx_word' id='word_1_17' title='bbox 1183 675 1225 739; x_wconf 91' lang='lat' dir='ltr'>ab</span> <span class='ocrx_word' id='word_1_18' title='bbox 1249 697 1326 762; x_wconf 87' lang='lat' dir='ltr'>rege</span> <span class='ocrx_word' id='word_1_19' title='bbox 1351 678 1440 745; x_wconf 88' lang='lat' dir='ltr'>dicta</span> 
     </span>
     <span class='ocr_line' id='line_1_3' title="bbox 403 768 1435 855; baseline -0.003 -16"><span class='ocrx_word' id='word_1_20' title='bbox 403 784 507 849; x_wconf 92' lang='lat' dir='ltr'>erant,</span> <span class='ocrx_word' id='word_1_21' title='bbox 534 773 635 840; x_wconf 88' lang='lat' dir='ltr'>relata</span> <span class='ocrx_word' id='word_1_22' title='bbox 660 772 703 836; x_wconf 90' lang='lat' dir='ltr'>ab</span> <span class='ocrx_word' id='word_1_23' title='bbox 728 770 853 855; x_wconf 87' lang='lat' dir='ltr'>legatis.</span> <span class='ocrx_word' id='word_1_24' title='bbox 896 769 1085 836; x_wconf 86' lang='lat' dir='ltr'>insidiarum</span> <span class='ocrx_word' id='word_1_25' title='bbox 1108 768 1248 835; x_wconf 84' lang='lat' dir='ltr'>Eumeni</span> <span class='ocrx_word' id='word_1_26' title='bbox 1272 771 1435 837; x_wconf 88' lang='lat' dir='ltr'>factarum</span> 
     </span>
     <span class='ocr_line' id='line_1_4' title="bbox 403 864 1436 949; baseline 0 -19"><span class='ocrx_word' id='word_1_27' title='bbox 403 866 523 931; x_wconf 92' lang='lat' dir='ltr'>crimen</span> <span class='ocrx_word' id='word_1_28' title='bbox 541 876 574 930; x_wconf 89' lang='lat' dir='ltr'>et</span> <span class='ocrx_word' id='word_1_29' title='bbox 590 864 731 929; x_wconf 87' lang='lat' dir='ltr'>maxima</span> <span class='ocrx_word' id='word_1_30' title='bbox 748 886 825 929; x_wconf 89' lang='lat' dir='ltr'>cura</span> <span class='ocrx_word' id='word_1_31' title='bbox 842 875 875 929; x_wconf 90' lang='lat' dir='ltr'>et</span> <span class='ocrx_word' id='word_1_32' title='bbox 892 864 1022 928; x_wconf 88' lang='lat' dir='ltr'>minime</span> <span class='ocrx_word' id='word_1_33' title='bbox 1039 875 1147 928; x_wconf 92' lang='lat' dir='ltr'>tamen</span> <span class='ocrx_word' id='word_1_34' title='bbox 1165 864 1373 949; x_wconf 86' lang='lat' dir='ltr'>probabiliter</span> <span class='ocrx_word' id='word_1_35' title='bbox 1390 902 1436 913; x_wconf 92' lang='lat'>—</span> 
     </span>
     <span class='ocr_line' id='line_1_5' title="bbox 402 957 1435 1044; baseline 0 -20"><span class='ocrx_word' id='word_1_36' title='bbox 402 960 571 1024; x_wconf 85' lang='lat' dir='ltr'>manifesta</span> <span class='ocrx_word' id='word_1_37' title='bbox 593 959 678 1023; x_wconf 89' lang='lat' dir='ltr'>enim</span> <span class='ocrx_word' id='word_1_38' title='bbox 700 981 750 1023; x_wconf 90' lang='lat' dir='ltr'>res</span> <span class='ocrx_word' id='word_1_39' title='bbox 769 968 837 1022; x_wconf 91' lang='lat' dir='ltr'>erat</span> <span class='ocrx_word' id='word_1_40' title='bbox 853 993 898 1005; x_wconf 92' lang='lat'>·-</span> <span class='ocrx_word' id='word_1_41' title='bbox 914 957 1082 1022; x_wconf 85' lang='lat' dir='ltr'>defensum</span> <span class='ocrx_word' id='word_1_42' title='bbox 1088 982 1097 1036; x_wconf 86' lang='lat'><em>3</em></span> <span class='ocrx_word' id='word_1_43' title='bbox 1121 969 1227 1023; x_wconf 89' lang='lat' dir='ltr'>cetera</span> <span class='ocrx_word' id='word_1_44' title='bbox 1250 959 1435 1044; x_wconf 80' lang='lat' dir='ltr'>deprecatio</span> 
     </span>
    </p>

    <p class='ocr_par' dir='ltr' id='par_1_3' title="bbox 369 1050 1436 1230">
     <span class='ocr_line' id='line_1_6' title="bbox 369 1050 1436 1135; baseline -0.002 -15"><span class='ocrx_word' id='word_1_45' title='bbox 369 1075 384 1120; x_wconf 89' lang='lat'><strong>3</strong></span> <span class='ocrx_word' id='word_1_46' title='bbox 403 1064 480 1119; x_wconf 92' lang='grc'><strong>6161.</strong></span> <span class='ocrx_word' id='word_1_47' title='bbox 513 1053 653 1118; x_wconf 90' lang='lat' dir='ltr'>sednon</span> <span class='ocrx_word' id='word_1_48' title='bbox 671 1051 716 1116; x_wconf 88' lang='lat' dir='ltr'>eis</span> <span class='ocrx_word' id='word_1_49' title='bbox 735 1051 848 1115; x_wconf 90' lang='lat' dir='ltr'>animis</span> <span class='ocrx_word' id='word_1_50' title='bbox 867 1050 1088 1128; x_wconf 83' lang='lat' dir='ltr'>audiebantur,</span> <span class='ocrx_word' id='word_1_51' title='bbox 1107 1052 1163 1135; x_wconf 91' lang='lat' dir='ltr'>qui</span> <span class='ocrx_word' id='word_1_52' title='bbox 1180 1063 1235 1116; x_wconf 94' lang='lat' dir='ltr'>aut</span> <span class='ocrx_word' id='word_1_53' title='bbox 1252 1053 1360 1121; x_wconf 90' lang='lat' dir='ltr'>doceri</span> <span class='ocrx_word' id='word_1_54' title='bbox 1378 1065 1436 1119; x_wconf 91' lang='lat' dir='ltr'>aut</span> 
     </span>
     <span class='ocr_line' id='line_1_7' title="bbox 402 1144 1436 1230; baseline 0.001 -20"><span class='ocrx_word' id='word_1_55' title='bbox 402 1146 487 1212; x_wconf 86' lang='lat' dir='ltr'>flecti</span> <span class='ocrx_word' id='word_1_56' title='bbox 512 1156 652 1230; x_wconf 84' lang='lat' dir='ltr'>possent.</span> <span class='ocrx_word' id='word_1_57' title='bbox 696 1144 934 1222; x_wconf 90' lang='lat' dir='ltr'>denuntiatum,</span> <span class='ocrx_word' id='word_1_58' title='bbox 962 1145 1121 1229; x_wconf 87' lang='lat' dir='ltr'>extemplo</span> <span class='ocrx_word' id='word_1_59' title='bbox 1152 1146 1319 1211; x_wconf 91' lang='lat' dir='ltr'>moenibus</span> <span class='ocrx_word' id='word_1_60' title='bbox 1346 1147 1436 1216; x_wconf 85' lang='lat' dir='ltr'>urbis</span> 
     </span>
    </p>

    <p class='ocr_par' dir='ltr' id='par_1_4' title="bbox 368 1238 1437 1511">
     <span class='ocr_line' id='line_1_8' title="bbox 368 1238 1436 1317; baseline -0.002 -9"><span class='ocrx_word' id='word_1_61' title='bbox 368 1263 385 1309; x_wconf 85' lang='grc'>4</span> <span class='ocrx_word' id='word_1_62' title='bbox 402 1241 535 1317; x_wconf 85' lang='lat' dir='ltr'>Romae,</span> <span class='ocrx_word' id='word_1_63' title='bbox 553 1240 649 1304; x_wconf 86' lang='lat' dir='ltr'>Italia</span> <span class='ocrx_word' id='word_1_64' title='bbox 665 1239 749 1302; x_wconf 90' lang='lat' dir='ltr'>intra</span> <span class='ocrx_word' id='word_1_65' title='bbox 766 1238 961 1304; x_wconf 87' lang='lat' dir='ltr'>tricesimum</span> <span class='ocrx_word' id='word_1_66' title='bbox 980 1238 1065 1302; x_wconf 88' lang='lat' dir='ltr'>diem</span> <span class='ocrx_word' id='word_1_67' title='bbox 1083 1240 1280 1304; x_wconf 83' lang='lat' dir='ltr'>excederent.</span> <span class='ocrx_word' id='word_1_68' title='bbox 1315 1238 1355 1306; x_wconf 89' lang='lat' dir='ltr'>P.</span> <span class='ocrx_word' id='word_1_69' title='bbox 1374 1241 1436 1306; x_wconf 92' lang='lat' dir='ltr'>Li·</span> 
     </span>
     <span class='ocr_line' id='line_1_9' title="bbox 402 1331 1435 1417; baseline 0 -18"><span class='ocrx_word' id='word_1_70' title='bbox 402 1335 485 1399; x_wconf 92' lang='lat' dir='ltr'>cinio</span> <span class='ocrx_word' id='word_1_71' title='bbox 504 1332 619 1398; x_wconf 90' lang='lat' dir='ltr'>deinde</span> <span class='ocrx_word' id='word_1_72' title='bbox 637 1333 770 1408; x_wconf 91' lang='lat' dir='ltr'>consuli,</span> <span class='ocrx_word' id='word_1_73' title='bbox 789 1333 842 1396; x_wconf 93' lang='lat' dir='ltr'>cui</span> <span class='ocrx_word' id='word_1_74' title='bbox 859 1331 1052 1397; x_wconf 89' lang='lat' dir='ltr'>Macedonia</span> <span class='ocrx_word' id='word_1_75' title='bbox 1069 1333 1232 1417; x_wconf 84' lang='lat' dir='ltr'>provincia</span> <span class='ocrx_word' id='word_1_76' title='bbox 1250 1333 1435 1412; x_wconf 81' lang='lat' dir='ltr'>obvenerat,</span> 
     </span>
     <span class='ocr_line' id='line_1_10' title="bbox 404 1426 1437 1511; baseline 0.001 -20"><span class='ocrx_word' id='word_1_77' title='bbox 404 1426 636 1502; x_wconf 87' lang='lat' dir='ltr'>denuntiatum,</span> <span class='ocrx_word' id='word_1_78' title='bbox 655 1438 692 1491; x_wconf 92' lang='lat' dir='ltr'>ut</span> <span class='ocrx_word' id='word_1_79' title='bbox 709 1426 863 1490; x_wconf 84' lang='lat' dir='ltr'>exercitui</span> <span class='ocrx_word' id='word_1_80' title='bbox 882 1426 966 1491; x_wconf 90' lang='lat' dir='ltr'>diem</span> <span class='ocrx_word' id='word_1_81' title='bbox 983 1426 1119 1511; x_wconf 90' lang='lat' dir='ltr'>primam</span> <span class='ocrx_word' id='word_1_82' title='bbox 1137 1449 1297 1510; x_wconf 90' lang='lat' dir='ltr'>quamque</span> <span class='ocrx_word' id='word_1_83' title='bbox 1315 1428 1437 1494; x_wconf 78' lang='lat' dir='ltr'>diceret</span> 
     </span>
    </p>

    <p class='ocr_par' dir='ltr' id='par_1_5' title="bbox 368 1518 1436 1793">
     <span class='ocr_line' id='line_1_11' title="bbox 368 1518 1436 1607; baseline -0.001 -20"><span class='ocrx_word' id='word_1_84' title='bbox 368 1544 383 1589; x_wconf 81' lang='lat'><strong>5</strong></span> <span class='ocrx_word' id='word_1_85' title='bbox 404 1521 445 1585; x_wconf 90' lang='lat' dir='ltr'>ad</span> <span class='ocrx_word' id='word_1_86' title='bbox 463 1520 727 1585; x_wconf 89' lang='lat' dir='ltr'>conveniendum.</span> <span class='ocrx_word' id='word_1_87' title='bbox 760 1518 799 1584; x_wconf 90' lang='lat' dir='ltr'>C.</span> <span class='ocrx_word' id='word_1_88' title='bbox 818 1520 990 1585; x_wconf 88' lang='lat' dir='ltr'>Lucretius</span> <span class='ocrx_word' id='word_1_89' title='bbox 1008 1531 1144 1605; x_wconf 89' lang='lat' dir='ltr'>praetor,</span> <span class='ocrx_word' id='word_1_90' title='bbox 1163 1522 1215 1585; x_wconf 89' lang='lat' dir='ltr'>cui</span> <span class='ocrx_word' id='word_1_91' title='bbox 1232 1521 1342 1586; x_wconf 85' lang='lat' dir='ltr'>classis</span> <span class='ocrx_word' id='word_1_92' title='bbox 1359 1543 1436 1607; x_wconf 92' lang='lat' dir='ltr'>pro·</span> 
     </span>
     <span class='ocr_line' id='line_1_12' title="bbox 403 1614 1434 1698; baseline 0.004 -20"><span class='ocrx_word' id='word_1_93' title='bbox 403 1615 508 1679; x_wconf 89' lang='lat' dir='ltr'>vincia</span> <span class='ocrx_word' id='word_1_94' title='bbox 531 1629 613 1690; x_wconf 91' lang='lat' dir='ltr'>erat,</span> <span class='ocrx_word' id='word_1_95' title='bbox 641 1637 715 1679; x_wconf 91' lang='lat' dir='ltr'>curn</span> <span class='ocrx_word' id='word_1_96' title='bbox 737 1614 950 1698; x_wconf 87' lang='lat' dir='ltr'>quadraginta</span> <span class='ocrx_word' id='word_1_97' title='bbox 977 1615 1257 1697; x_wconf 84' lang='lat' dir='ltr'>quinqueremibus</span> <span class='ocrx_word' id='word_1_98' title='bbox 1284 1616 1326 1678; x_wconf 90' lang='lat' dir='ltr'>ab</span> <span class='ocrx_word' id='word_1_99' title='bbox 1351 1616 1434 1682; x_wconf 90' lang='lat' dir='ltr'>urbe</span> 
     </span>
     <span class='ocr_line' id='line_1_13' title="bbox 403 1704 1434 1793; baseline 0.003 -22"><span class='ocrx_word' id='word_1_100' title='bbox 403 1709 580 1793; x_wconf 84' lang='lat' dir='ltr'>profectus:</span> <span class='ocrx_word' id='word_1_101' title='bbox 603 1732 679 1773; x_wconf 89' lang='lat' dir='ltr'>nam</span> <span class='ocrx_word' id='word_1_102' title='bbox 702 1732 743 1773; x_wconf 90' lang='lat' dir='ltr'>ex</span> <span class='ocrx_word' id='word_1_103' title='bbox 765 1704 893 1773; x_wconf 86' lang='lat' dir='ltr'>refectis</span> <span class='ocrx_word' id='word_1_104' title='bbox 914 1708 1051 1773; x_wconf 85' lang='lat' dir='ltr'>navibus</span> <span class='ocrx_word' id='word_1_105' title='bbox 1069 1710 1147 1775; x_wconf 86' lang='lat' dir='ltr'>alias</span> <span class='ocrx_word' id='word_1_106' title='bbox 1170 1710 1203 1772; x_wconf 94' lang='lat' dir='ltr'>in</span> <span class='ocrx_word' id='word_1_107' title='bbox 1221 1709 1320 1773; x_wconf 92' lang='lat' dir='ltr'>alium</span> <span class='ocrx_word' id='word_1_108' title='bbox 1336 1732 1434 1774; x_wconf 91' lang='lat' dir='ltr'>usum</span> 
     </span>
    </p>

    <p class='ocr_par' dir='ltr' id='par_1_6' title="bbox 369 1801 1437 2075">
     <span class='ocr_line' id='line_1_14' title="bbox 369 1801 1437 1888; baseline 0.002 -20"><span class='ocrx_word' id='word_1_109' title='bbox 369 1801 532 1868; x_wconf 88' lang='lat' dir='ltr'>cretineri</span> <span class='ocrx_word' id='word_1_110' title='bbox 557 1803 599 1866; x_wconf 89' lang='lat' dir='ltr'>ad</span> <span class='ocrx_word' id='word_1_111' title='bbox 625 1803 738 1867; x_wconf 89' lang='lat' dir='ltr'>urbem</span> <span class='ocrx_word' id='word_1_112' title='bbox 764 1802 895 1888; x_wconf 81' lang='lat' dir='ltr'>placuit.</span> <span class='ocrx_word' id='word_1_113' title='bbox 947 1802 1141 1886; x_wconf 86' lang='lat' dir='ltr'>praemissus</span> <span class='ocrx_word' id='word_1_114' title='bbox 1168 1827 1188 1868; x_wconf 93' lang='lat' dir='ltr'>a</span> <span class='ocrx_word' id='word_1_115' title='bbox 1212 1813 1358 1888; x_wconf 81' lang='lat' dir='ltr'>praetore</span> <span class='ocrx_word' id='word_1_116' title='bbox 1385 1816 1437 1870; x_wconf 91' lang='lat' dir='ltr'>cst</span> 
     </span>
     <span class='ocr_line' id='line_1_15' title="bbox 403 1894 1435 1981; baseline 0.003 -21"><span class='ocrx_word' id='word_1_117' title='bbox 403 1897 502 1960; x_wconf 87' lang='lat' dir='ltr'>frater</span> <span class='ocrx_word' id='word_1_118' title='bbox 523 1894 602 1981; x_wconf 78' lang='lat' dir='ltr'>[M]</span> <span class='ocrx_word' id='word_1_119' title='bbox 621 1896 793 1961; x_wconf 91' lang='lat' dir='ltr'>Lucretius</span> <span class='ocrx_word' id='word_1_120' title='bbox 812 1917 888 1962; x_wconf 92' lang='lat' dir='ltr'>cum</span> <span class='ocrx_word' id='word_1_121' title='bbox 909 1896 1137 1978; x_wconf 90' lang='lat' dir='ltr'>quinquereme</span> <span class='ocrx_word' id='word_1_122' title='bbox 1155 1920 1235 1973; x_wconf 90' lang='lat' dir='ltr'>una,</span> <span class='ocrx_word' id='word_1_123' title='bbox 1262 1898 1435 1981; x_wconf 87' lang='lat' dir='ltr'>iussusque</span> 
     </span>
     <span class='ocr_line' id='line_1_16' title="bbox 404 1988 1437 2075; baseline 0.002 -22"><span class='ocrx_word' id='word_1_124' title='bbox 404 1989 445 2053; x_wconf 90' lang='lat' dir='ltr'>ab</span> <span class='ocrx_word' id='word_1_125' title='bbox 469 1990 563 2054; x_wconf 89' lang='lat' dir='ltr'>sociis</span> <span class='ocrx_word' id='word_1_126' title='bbox 585 2013 626 2054; x_wconf 88' lang='lat' dir='ltr'>ex</span> <span class='ocrx_word' id='word_1_127' title='bbox 649 1990 778 2056; x_wconf 84' lang='lat' dir='ltr'>foedere</span> <span class='ocrx_word' id='word_1_128' title='bbox 801 1989 942 2075; x_wconf 89' lang='lat' dir='ltr'>acceptis</span> <span class='ocrx_word' id='word_1_129' title='bbox 968 1989 1104 2054; x_wconf 85' lang='lat' dir='ltr'>navibus</span> <span class='ocrx_word' id='word_1_130' title='bbox 1130 1991 1171 2054; x_wconf 90' lang='lat' dir='ltr'>ad</span> <span class='ocrx_word' id='word_1_131' title='bbox 1190 1988 1437 2075; x_wconf 86' lang='lat' dir='ltr'>Cephallaniam</span> 
     </span>
    </p>

    <p class='ocr_par' dir='ltr' id='par_1_7' title="bbox 371 2083 1435 2357">
     <span class='ocr_line' id='line_1_17' title="bbox 371 2083 1435 2169; baseline 0 -20"><span class='ocrx_word' id='word_1_132' title='bbox 371 2105 385 2149; x_wconf 82' lang='grc'>1</span> <span class='ocrx_word' id='word_1_133' title='bbox 405 2083 498 2148; x_wconf 88' lang='lat' dir='ltr'>classi</span> <span class='ocrx_word' id='word_1_134' title='bbox 517 2105 697 2160; x_wconf 83' lang='lat' dir='ltr'>occurrere,</span> <span class='ocrx_word' id='word_1_135' title='bbox 716 2084 757 2147; x_wconf 89' lang='lat' dir='ltr'>ab</span> <span class='ocrx_word' id='word_1_136' title='bbox 774 2083 909 2169; x_wconf 84' lang='lat' dir='ltr'>Reginis</span> <span class='ocrx_word' id='word_1_137' title='bbox 927 2084 1047 2148; x_wconf 88' lang='lat' dir='ltr'>triremi</span> <span class='ocrx_word' id='word_1_138' title='bbox 1064 2106 1144 2160; x_wconf 89' lang='lat' dir='ltr'>una,</span> <span class='ocrx_word' id='word_1_139' title='bbox 1162 2084 1204 2148; x_wconf 91' lang='lat' dir='ltr'>ab</span> <span class='ocrx_word' id='word_1_140' title='bbox 1222 2085 1334 2149; x_wconf 91' lang='lat' dir='ltr'>Locris</span> <span class='ocrx_word' id='word_1_141' title='bbox 1353 2085 1435 2150; x_wconf 91' lang='lat' dir='ltr'>dua-</span> 
     </span>
     <span class='ocr_line' id='line_1_18' title="bbox 403 2177 1434 2264; baseline 0.004 -22"><span class='ocrx_word' id='word_1_142' title='bbox 403 2179 479 2255; x_wconf 91' lang='lat' dir='ltr'>bus,</span> <span class='ocrx_word' id='word_1_143' title='bbox 506 2179 548 2242; x_wconf 94' lang='lat' dir='ltr'>ab</span> <span class='ocrx_word' id='word_1_144' title='bbox 575 2177 723 2244; x_wconf 86' lang='lat' dir='ltr'>Uritibus</span> <span class='ocrx_word' id='word_1_145' title='bbox 751 2191 911 2263; x_wconf 91' lang='lat' dir='ltr'>quattuor.</span> <span class='ocrx_word' id='word_1_146' title='bbox 955 2189 1082 2264; x_wconf 91' lang='lat' dir='ltr'>praeter</span> <span class='ocrx_word' id='word_1_147' title='bbox 1108 2201 1197 2244; x_wconf 88' lang='lat' dir='ltr'>oram</span> <span class='ocrx_word' id='word_1_148' title='bbox 1225 2191 1434 2264; x_wconf 88' lang='lat' dir='ltr'>supervectus</span> 
     </span>
     <span class='ocr_line' id='line_1_19' title="bbox 403 2271 1433 2357; baseline 0.004 -21"><span class='ocrx_word' id='word_1_149' title='bbox 403 2273 555 2356; x_wconf 61' lang='lat' dir='ltr'>(Italiae)</span> <span class='ocrx_word' id='word_1_150' title='bbox 582 2271 752 2337; x_wconf 85' lang='lat' dir='ltr'>Calabriae</span> <span class='ocrx_word' id='word_1_151' title='bbox 785 2284 963 2338; x_wconf 85' lang='lat' dir='ltr'>extremum</span> <span class='ocrx_word' id='word_1_152' title='bbox 994 2274 1250 2357; x_wconf 87' lang='lat' dir='ltr'>promunturium</span> <span class='ocrx_word' id='word_1_153' title='bbox 1279 2274 1314 2338; x_wconf 89' lang='lat' dir='ltr'>in</span> <span class='ocrx_word' id='word_1_154' title='bbox 1339 2275 1433 2340; x_wconf 93' lang='lat' dir='ltr'>Ionio</span> 
     </span>
    </p>

    <p class='ocr_par' dir='ltr' id='par_1_8' title="bbox 325 2365 1436 2923">
     <span class='ocr_line' id='line_1_20' title="bbox 325 2365 1435 2455; baseline 0 -23"><span class='ocrx_word' id='word_1_155' title='bbox 325 2402 327 2409; x_wconf 94' lang='lat'>·</span> <span class='ocrx_word' id='word_1_156' title='bbox 369 2365 499 2440; x_wconf 75' lang='lat' dir='ltr'>amari,</span> <span class='ocrx_word' id='word_1_157' title='bbox 517 2365 757 2450; x_wconf 88' lang='lat' dir='ltr'>Dyrrhachium</span> <span class='ocrx_word' id='word_1_158' title='bbox 774 2367 888 2431; x_wconf 87' lang='lat' dir='ltr'>traicit.</span> <span class='ocrx_word' id='word_1_159' title='bbox 931 2366 977 2430; x_wconf 94' lang='lat' dir='ltr'>ibi</span> <span class='ocrx_word' id='word_1_160' title='bbox 995 2367 1106 2431; x_wconf 90' lang='lat' dir='ltr'>decem</span> <span class='ocrx_word' id='word_1_161' title='bbox 1127 2366 1268 2451; x_wconf 90' lang='lat' dir='ltr'>ipsorum</span> <span class='ocrx_word' id='word_1_162' title='bbox 1285 2367 1435 2455; x_wconf 88' lang='lat' dir='ltr'>Dyrrha-</span> 
     </span>
     <span class='ocr_line' id='line_1_21' title="bbox 404 2458 1435 2547; baseline 0.006 -26"><span class='ocrx_word' id='word_1_163' title='bbox 404 2458 584 2536; x_wconf 90' lang='lat' dir='ltr'>chinorum,</span> <span class='ocrx_word' id='word_1_164' title='bbox 612 2460 784 2524; x_wconf 88' lang='lat' dir='ltr'>duodecim</span> <span class='ocrx_word' id='word_1_165' title='bbox 803 2460 1000 2537; x_wconf 88' lang='lat' dir='ltr'>Issaeorum,</span> <span class='ocrx_word' id='word_1_166' title='bbox 1027 2460 1260 2547; x_wconf 82' lang='lat' dir='ltr'>quinquaginta</span> <span class='ocrx_word' id='word_1_167' title='bbox 1282 2472 1435 2546; x_wconf 87' lang='lat' dir='ltr'>quattuor</span> 
     </span>
     <span class='ocr_line' id='line_1_22' title="bbox 405 2552 1436 2639; baseline 0.004 -21"><span class='ocrx_word' id='word_1_168' title='bbox 405 2552 504 2618; x_wconf 87' lang='lat' dir='ltr'>Genti</span> <span class='ocrx_word' id='word_1_169' title='bbox 521 2554 606 2639; x_wconf 88' lang='lat' dir='ltr'>regis</span> <span class='ocrx_word' id='word_1_170' title='bbox 628 2554 750 2620; x_wconf 88' lang='lat' dir='ltr'>lembos</span> <span class='ocrx_word' id='word_1_171' title='bbox 772 2566 920 2633; x_wconf 89' lang='lat' dir='ltr'>nanctus,</span> <span class='ocrx_word' id='word_1_172' title='bbox 948 2556 1101 2621; x_wconf 91' lang='lat' dir='ltr'>simulans</span> <span class='ocrx_word' id='word_1_173' title='bbox 1124 2578 1159 2622; x_wconf 93' lang='lat' dir='ltr'>se</span> <span class='ocrx_word' id='word_1_174' title='bbox 1183 2558 1310 2622; x_wconf 89' lang='lat' dir='ltr'>credere</span> <span class='ocrx_word' id='word_1_175' title='bbox 1328 2580 1383 2623; x_wconf 93' lang='lat' dir='ltr'>eos</span> <span class='ocrx_word' id='word_1_176' title='bbox 1400 2558 1436 2622; x_wconf 90' lang='grc'>111</span> 
     </span>
     <span class='ocr_line' id='line_1_23' title="bbox 404 2648 1435 2735; baseline 0.006 -24"><span class='ocrx_word' id='word_1_177' title='bbox 404 2669 498 2711; x_wconf 88' lang='lat' dir='ltr'>usum</span> <span class='ocrx_word' id='word_1_178' title='bbox 507 2648 726 2714; x_wconf 86' lang='lat' dir='ltr'>Romanorum</span> <span class='ocrx_word' id='word_1_179' title='bbox 744 2662 932 2735; x_wconf 90' lang='lat' dir='ltr'>conparatos</span> <span class='ocrx_word' id='word_1_180' title='bbox 951 2672 1031 2726; x_wconf 91' lang='lat' dir='ltr'>esse,</span> <span class='ocrx_word' id='word_1_181' title='bbox 1050 2650 1199 2716; x_wconf 89' lang='lat' dir='ltr'>omnibus</span> <span class='ocrx_word' id='word_1_182' title='bbox 1217 2650 1363 2715; x_wconf 90' lang='lat' dir='ltr'>abductis</span> <span class='ocrx_word' id='word_1_183' title='bbox 1382 2651 1435 2717; x_wconf 85' lang='lat' dir='ltr'>die</span> 
     </span>
     <span class='ocr_line' id='line_1_24' title="bbox 403 2742 1434 2829; baseline 0.004 -24"><span class='ocrx_word' id='word_1_184' title='bbox 403 2743 497 2806; x_wconf 91' lang='lat' dir='ltr'>tertio</span> <span class='ocrx_word' id='word_1_185' title='bbox 522 2742 712 2827; x_wconf 79' lang='lat' dir='ltr'>Corcyram,</span> <span class='ocrx_word' id='word_1_186' title='bbox 735 2745 809 2809; x_wconf 92' lang='lat' dir='ltr'>inde</span> <span class='ocrx_word' id='word_1_187' title='bbox 831 2745 975 2829; x_wconf 88' lang='lat' dir='ltr'>protinus</span> <span class='ocrx_word' id='word_1_188' title='bbox 998 2746 1032 2809; x_wconf 93' lang='lat' dir='ltr'>in</span> <span class='ocrx_word' id='word_1_189' title='bbox 1055 2744 1298 2829; x_wconf 86' lang='lat' dir='ltr'>Cephallaniam</span> <span class='ocrx_word' id='word_1_190' title='bbox 1320 2744 1434 2809; x_wconf 86' lang='lat' dir='ltr'>traicit.</span> 
     </span>
     <span class='ocr_line' id='line_1_25' title="bbox 372 2834 1435 2923; baseline 0 -20"><span class='ocrx_word' id='word_1_191' title='bbox 372 2858 386 2903; x_wconf 82' lang='grc'>6</span> <span class='ocrx_word' id='word_1_192' title='bbox 406 2834 444 2899; x_wconf 87' lang='lat' dir='ltr'>C.</span> <span class='ocrx_word' id='word_1_193' title='bbox 461 2836 632 2900; x_wconf 87' lang='lat' dir='ltr'>Lucretius</span> <span class='ocrx_word' id='word_1_194' title='bbox 650 2849 778 2921; x_wconf 89' lang='lat' dir='ltr'>praetor</span> <span class='ocrx_word' id='word_1_195' title='bbox 795 2838 837 2903; x_wconf 91' lang='lat' dir='ltr'>ab</span> <span class='ocrx_word' id='word_1_196' title='bbox 850 2839 987 2923; x_wconf 90' lang='lat' dir='ltr'>Neapoli</span> <span class='ocrx_word' id='word_1_197' title='bbox 1005 2839 1166 2922; x_wconf 84' lang='lat' dir='ltr'>profectus</span> <span class='ocrx_word' id='word_1_198' title='bbox 1185 2850 1334 2923; x_wconf 89' lang='lat' dir='ltr'>superato</span> <span class='ocrx_word' id='word_1_199' title='bbox 1351 2838 1435 2903; x_wconf 90' lang='lat' dir='ltr'>freto</span> 
     </span>
    </p>

    <p class='ocr_par' dir='ltr' id='par_1_9' title="bbox 356 2928 1436 3110">
     <span class='ocr_line' id='line_1_26' title="bbox 356 2928 1436 3015; baseline 0 -20"><span class='ocrx_word' id='word_1_200' title='bbox 356 2951 388 2997; x_wconf 92' lang='grc'>16</span> <span class='ocrx_word' id='word_1_201' title='bbox 406 2929 458 2991; x_wconf 91' lang='lat' dir='ltr'>dic</span> <span class='ocrx_word' id='word_1_202' title='bbox 477 2930 588 3010; x_wconf 90' lang='lat' dir='ltr'>quinto</span> <span class='ocrx_word' id='word_1_203' title='bbox 605 2928 640 2992; x_wconf 91' lang='lat' dir='ltr'>in</span> <span class='ocrx_word' id='word_1_204' title='bbox 658 2929 902 3015; x_wconf 90' lang='lat' dir='ltr'>Cephallaniam</span> <span class='ocrx_word' id='word_1_205' title='bbox 921 2933 1103 2997; x_wconf 85' lang='lat' dir='ltr'>transmisit.</span> <span class='ocrx_word' id='word_1_206' title='bbox 1146 2932 1192 2997; x_wconf 93' lang='lat' dir='ltr'>ibi</span> <span class='ocrx_word' id='word_1_207' title='bbox 1209 2932 1296 2997; x_wconf 87' lang='lat' dir='ltr'>stetit</span> <span class='ocrx_word' id='word_1_208' title='bbox 1313 2931 1436 3008; x_wconf 89' lang='lat' dir='ltr'>classis,</span> 
     </span>
     <span class='ocr_line' id='line_1_27' title="bbox 404 3022 1436 3110; baseline 0.005 -25"><span class='ocrx_word' id='word_1_209' title='bbox 404 3022 500 3085; x_wconf 89' lang='lat' dir='ltr'>simul</span> <span class='ocrx_word' id='word_1_210' title='bbox 522 3022 689 3106; x_wconf 89' lang='lat' dir='ltr'>opperiens</span> <span class='ocrx_word' id='word_1_211' title='bbox 711 3036 748 3089; x_wconf 91' lang='lat' dir='ltr'>ut</span> <span class='ocrx_word' id='word_1_212' title='bbox 773 3026 929 3090; x_wconf 90' lang='lat' dir='ltr'>terrestris</span> <span class='ocrx_word' id='word_1_213' title='bbox 953 3026 1064 3110; x_wconf 87' lang='lat' dir='ltr'>copiae</span> <span class='ocrx_word' id='word_1_214' title='bbox 1091 3026 1311 3104; x_wconf 89' lang='lat' dir='ltr'>traicerentur,</span> <span class='ocrx_word' id='word_1_215' title='bbox 1339 3026 1436 3091; x_wconf 92' lang='lat' dir='ltr'>simul</span> 
     </span>
    </p>
   </div>
   <div class='ocr_carea' id='block_1_3' title="bbox 404 3116 1437 3292">
    <p class='ocr_par' dir='ltr' id='par_1_10' title="bbox 404 3116 1437 3292">
     <span class='ocr_line' id='line_1_28' title="bbox 404 3116 1437 3206; baseline 0.007 -26"><span class='ocrx_word' id='word_1_216' title='bbox 404 3127 441 3180; x_wconf 89' lang='lat' dir='ltr'>ut</span> <span class='ocrx_word' id='word_1_217' title='bbox 460 3116 623 3181; x_wconf 85' lang='lat' dir='ltr'>onerariae</span> <span class='ocrx_word' id='word_1_218' title='bbox 647 3142 688 3183; x_wconf 88' lang='lat' dir='ltr'>ex</span> <span class='ocrx_word' id='word_1_219' title='bbox 706 3120 833 3206; x_wconf 85' lang='lat' dir='ltr'>agmine</span> <span class='ocrx_word' id='word_1_220' title='bbox 857 3142 916 3184; x_wconf 93' lang='lat' dir='ltr'>suo</span> <span class='ocrx_word' id='word_1_221' title='bbox 937 3143 995 3206; x_wconf 88' lang='lat' dir='ltr'>per</span> <span class='ocrx_word' id='word_1_222' title='bbox 1013 3123 1113 3186; x_wconf 90' lang='lat' dir='ltr'>altum</span> <span class='ocrx_word' id='word_1_223' title='bbox 1132 3122 1304 3206; x_wconf 88' lang='lat' dir='ltr'>dissipatae</span> <span class='ocrx_word' id='word_1_224' title='bbox 1322 3143 1437 3187; x_wconf 89' lang='lat' dir='ltr'>conse-</span> 
     </span>
     <span class='ocr_line' id='line_1_29' title="bbox 405 3221 586 3292; baseline 0.017 -20"><span class='ocrx_word' id='word_1_225' title='bbox 405 3221 586 3292; x_wconf 91' lang='lat' dir='ltr'>querentur.</span> 
     </span>
    </p>
   </div>
   <div class='ocr_carea' id='block_1_4' title="bbox 373 3303 1436 3375">
    <p class='ocr_par' dir='ltr' id='par_1_11' title="bbox 373 3303 1436 3375">
     <span class='ocr_line' id='line_1_30' title="bbox 373 3303 1436 3375; baseline 0.007 -8"><span class='ocrx_word' id='word_1_226' title='bbox 373 3317 386 3361; x_wconf 84' lang='lat'>1</span> <span class='ocrx_word' id='word_1_227' title='bbox 458 3303 731 3372; x_wconf 67' lang='lat' dir='ltr'>XXXXVIIII.</span> <span class='ocrx_word' id='word_1_228' title='bbox 758 3306 824 3372; x_wconf 90' lang='lat' dir='ltr'>Per</span> <span class='ocrx_word' id='word_1_229' title='bbox 842 3306 900 3371; x_wconf 95' lang='lat' dir='ltr'>hos</span> <span class='ocrx_word' id='word_1_230' title='bbox 918 3308 1001 3373; x_wconf 89' lang='lat' dir='ltr'>forte</span> <span class='ocrx_word' id='word_1_231' title='bbox 1019 3309 1087 3373; x_wconf 90' lang='lat' dir='ltr'>dies</span> <span class='ocrx_word' id='word_1_232' title='bbox 1104 3310 1144 3374; x_wconf 92' lang='lat' dir='ltr'>P.</span> <span class='ocrx_word' id='word_1_233' title='bbox 1159 3309 1304 3374; x_wconf 79' lang='lat' dir='ltr'>Licinius</span> <span class='ocrx_word' id='word_1_234' title='bbox 1322 3312 1436 3375; x_wconf 91' lang='lat' dir='ltr'>consul</span> 
     </span>
    </p>
   </div>
   <div class='ocr_carea' id='block_1_5' title="bbox 372 3399 1437 4332">
    <p class='ocr_par' dir='ltr' id='par_1_12' title="bbox 372 3399 1437 4332">
     <span class='ocr_line' id='line_1_31' title="bbox 405 3399 1435 3490; baseline 0.008 -27"><span class='ocrx_word' id='word_1_235' title='bbox 405 3400 487 3464; x_wconf 88' lang='lat' dir='ltr'>votis</span> <span class='ocrx_word' id='word_1_236' title='bbox 503 3401 537 3465; x_wconf 91' lang='lat' dir='ltr'>in</span> <span class='ocrx_word' id='word_1_237' title='bbox 548 3399 709 3486; x_wconf 88' lang='lat' dir='ltr'>Capitolio</span> <span class='ocrx_word' id='word_1_238' title='bbox 722 3403 914 3487; x_wconf 85' lang='lat' dir='ltr'>nuncupatis</span> <span class='ocrx_word' id='word_1_239' title='bbox 931 3405 1102 3490; x_wconf 89' lang='lat' dir='ltr'>paludatus</span> <span class='ocrx_word' id='word_1_240' title='bbox 1118 3405 1159 3470; x_wconf 93' lang='lat' dir='ltr'>ab</span> <span class='ocrx_word' id='word_1_241' title='bbox 1174 3406 1253 3470; x_wconf 91' lang='lat' dir='ltr'>urbe</span> <span class='ocrx_word' id='word_1_242' title='bbox 1271 3405 1435 3489; x_wconf 88' lang='lat' dir='ltr'>profectus</span> 
     </span>
     <span class='ocr_line' id='line_1_32' title="bbox 372 3498 1436 3585; baseline 0.004 -26"><span class='ocrx_word' id='word_1_243' title='bbox 372 3507 463 3561; x_wconf 79' lang='lat' dir='ltr'>aest.</span> <span class='ocrx_word' id='word_1_244' title='bbox 513 3518 639 3581; x_wconf 89' lang='lat' dir='ltr'>semper</span> <span class='ocrx_word' id='word_1_245' title='bbox 670 3498 801 3581; x_wconf 90' lang='lat' dir='ltr'>quidem</span> <span class='ocrx_word' id='word_1_246' title='bbox 826 3520 866 3561; x_wconf 86' lang='lat' dir='ltr'>ea</span> <span class='ocrx_word' id='word_1_247' title='bbox 891 3520 942 3562; x_wconf 90' lang='lat' dir='ltr'>res</span> <span class='ocrx_word' id='word_1_248' title='bbox 969 3522 1043 3564; x_wconf 90' lang='lat' dir='ltr'>cum</span> <span class='ocrx_word' id='word_1_249' title='bbox 1069 3523 1188 3585; x_wconf 90' lang='lat' dir='ltr'>magna</span> <span class='ocrx_word' id='word_1_250' title='bbox 1214 3498 1368 3585; x_wconf 90' lang='lat' dir='ltr'>dignitate</span> <span class='ocrx_word' id='word_1_251' title='bbox 1397 3522 1436 3564; x_wconf 96' lang='grc'>66</span> 
     </span>
     <span class='ocr_line' id='line_1_33' title="bbox 405 3591 1435 3676; baseline 0.003 -22"><span class='ocrx_word' id='word_1_252' title='bbox 405 3591 570 3656; x_wconf 90' lang='lat' dir='ltr'>maiestate</span> <span class='ocrx_word' id='word_1_253' title='bbox 587 3592 723 3676; x_wconf 82' lang='lat' dir='ltr'>geritur3</span> <span class='ocrx_word' id='word_1_254' title='bbox 747 3592 918 3676; x_wconf 88' lang='lat' dir='ltr'>praecipue</span> <span class='ocrx_word' id='word_1_255' title='bbox 937 3594 1093 3659; x_wconf 87' lang='lat' dir='ltr'>convertit</span> <span class='ocrx_word' id='word_1_256' title='bbox 1110 3594 1219 3659; x_wconf 91' lang='lat' dir='ltr'>oculos</span> <span class='ocrx_word' id='word_1_257' title='bbox 1237 3593 1435 3676; x_wconf 90' lang='lat' dir='ltr'>animosque,</span> 
     </span>
     <span class='ocr_line' id='line_1_34' title="bbox 405 3687 1436 3771; baseline 0.002 -22"><span class='ocrx_word' id='word_1_258' title='bbox 405 3708 479 3749; x_wconf 90' lang='lat' dir='ltr'>cum</span> <span class='ocrx_word' id='word_1_259' title='bbox 506 3687 547 3750; x_wconf 89' lang='lat' dir='ltr'>ad</span> <span class='ocrx_word' id='word_1_260' title='bbox 572 3709 727 3771; x_wconf 89' lang='lat' dir='ltr'>magnum</span> <span class='ocrx_word' id='word_1_261' title='bbox 756 3687 959 3771; x_wconf 90' lang='lat' dir='ltr'>nobilemque</span> <span class='ocrx_word' id='word_1_262' title='bbox 991 3701 1048 3753; x_wconf 91' lang='lat' dir='ltr'>aut</span> <span class='ocrx_word' id='word_1_263' title='bbox 1077 3689 1193 3754; x_wconf 84' lang='lat' dir='ltr'>virtute</span> <span class='ocrx_word' id='word_1_264' title='bbox 1220 3699 1276 3753; x_wconf 89' lang='lat' dir='ltr'>aut</span> <span class='ocrx_word' id='word_1_265' title='bbox 1306 3689 1436 3752; x_wconf 85' lang='lat' dir='ltr'>fortuna</span> 
     </span>
     <span class='ocr_line' id='line_1_35' title="bbox 373 3778 1436 3866; baseline 0.005 -26"><span class='ocrx_word' id='word_1_266' title='bbox 373 3778 530 3843; x_wconf 78' lang='lat' dir='ltr'>chostem</span> <span class='ocrx_word' id='word_1_267' title='bbox 556 3790 686 3844; x_wconf 89' lang='lat' dir='ltr'>euntem</span> <span class='ocrx_word' id='word_1_268' title='bbox 708 3781 872 3844; x_wconf 91' lang='lat' dir='ltr'>consulem</span> <span class='ocrx_word' id='word_1_269' title='bbox 896 3793 1116 3866; x_wconf 88' lang='lat' dir='ltr'>prosecuntur.</span> <span class='ocrx_word' id='word_1_270' title='bbox 1166 3781 1324 3847; x_wconf 90' lang='lat' dir='ltr'>contrahit</span> <span class='ocrx_word' id='word_1_271' title='bbox 1350 3781 1436 3847; x_wconf 91' lang='lat' dir='ltr'>enirn</span> 
     </span>
     <span class='ocr_line' id='line_1_36' title="bbox 405 3872 1437 3961; baseline 0.003 -27"><span class='ocrx_word' id='word_1_272' title='bbox 405 3894 471 3935; x_wconf 92' lang='lat' dir='ltr'>non</span> <span class='ocrx_word' id='word_1_273' title='bbox 488 3872 574 3936; x_wconf 84' lang='lat' dir='ltr'>offici</span> <span class='ocrx_word' id='word_1_274' title='bbox 591 3873 687 3937; x_wconf 88' lang='lat' dir='ltr'>modo</span> <span class='ocrx_word' id='word_1_275' title='bbox 710 3896 802 3950; x_wconf 92' lang='lat' dir='ltr'>cura,</span> <span class='ocrx_word' id='word_1_276' title='bbox 828 3874 1002 3938; x_wconf 88' lang='lat' dir='ltr'>sedetiam</span> <span class='ocrx_word' id='word_1_277' title='bbox 1024 3875 1165 3939; x_wconf 90' lang='lat' dir='ltr'>studium</span> <span class='ocrx_word' id='word_1_278' title='bbox 1184 3875 1372 3961; x_wconf 86' lang='lat' dir='ltr'>spectaculi,</span> <span class='ocrx_word' id='word_1_279' title='bbox 1391 3885 1437 3938; x_wconf 68' lang='grc'><strong>’111</strong></span> 
     </span>
     <span class='ocr_line' id='line_1_37' title="bbox 406 3961 1436 4052; baseline 0.008 -29"><span class='ocrx_word' id='word_1_280' title='bbox 406 3961 536 4028; x_wconf 88' lang='lat' dir='ltr'>videant</span> <span class='ocrx_word' id='word_1_281' title='bbox 553 3966 669 4030; x_wconf 90' lang='lat' dir='ltr'>ducem</span> <span class='ocrx_word' id='word_1_282' title='bbox 686 3989 791 4045; x_wconf 89' lang='lat' dir='ltr'>suum,</span> <span class='ocrx_word' id='word_1_283' title='bbox 811 3968 902 4031; x_wconf 93' lang='lat' dir='ltr'>cuius</span> <span class='ocrx_word' id='word_1_284' title='bbox 920 3965 1052 4051; x_wconf 85' lang='lat' dir='ltr'>imperio</span> <span class='ocrx_word' id='word_1_285' title='bbox 1067 3970 1264 4052; x_wconf 86' lang='lat' dir='ltr'>consilioque</span> <span class='ocrx_word' id='word_1_286' title='bbox 1277 3991 1436 4033; x_wconf 90' lang='lat' dir='ltr'>summam</span> 
     </span>
     <span class='ocr_line' id='line_1_38' title="bbox 373 4057 1437 4148; baseline 0.007 -29"><span class='ocrx_word' id='word_1_287' title='bbox 373 4072 390 4119; x_wconf 78' lang='grc'><strong>4</strong></span> <span class='ocrx_word' id='word_1_288' title='bbox 406 4076 474 4117; x_wconf 92' lang='lat' dir='ltr'>rem</span> <span class='ocrx_word' id='word_1_289' title='bbox 491 4057 653 4138; x_wconf 88' lang='lat' dir='ltr'>pubhcam</span> <span class='ocrx_word' id='word_1_290' title='bbox 671 4062 823 4125; x_wconf 88' lang='lat' dir='ltr'>tuendam</span> <span class='ocrx_word' id='word_1_291' title='bbox 844 4060 1066 4145; x_wconf 89' lang='lat' dir='ltr'>permiserunt.</span> <span class='ocrx_word' id='word_1_292' title='bbox 1111 4063 1197 4127; x_wconf 89' lang='lat' dir='ltr'>subit</span> <span class='ocrx_word' id='word_1_293' title='bbox 1214 4064 1330 4128; x_wconf 86' lang='lat' dir='ltr'>deinde</span> <span class='ocrx_word' id='word_1_294' title='bbox 1348 4062 1437 4148; x_wconf 89' lang='lat' dir='ltr'>cogi-</span> 
     </span>
     <span class='ocr_line' id='line_1_39' title="bbox 407 4145 1436 4237; baseline 0.012 -28"><span class='ocrx_word' id='word_1_295' title='bbox 407 4145 484 4210; x_wconf 89' lang='lat' dir='ltr'>tatio</span> <span class='ocrx_word' id='word_1_296' title='bbox 506 4148 663 4229; x_wconf 90' lang='lat' dir='ltr'>animum,</span> <span class='ocrx_word' id='word_1_297' title='bbox 689 4155 745 4237; x_wconf 90' lang='lat' dir='ltr'>qui</span> <span class='ocrx_word' id='word_1_298' title='bbox 769 4155 845 4219; x_wconf 90' lang='lat' dir='ltr'>belli</span> <span class='ocrx_word' id='word_1_299' title='bbox 869 4174 977 4227; x_wconf 88' lang='lat' dir='ltr'>casus,</span> <span class='ocrx_word' id='word_1_300' title='bbox 1005 4176 1102 4237; x_wconf 92' lang='lat' dir='ltr'>quam</span> <span class='ocrx_word' id='word_1_301' title='bbox 1123 4156 1264 4221; x_wconf 91' lang='lat' dir='ltr'>incertus</span> <span class='ocrx_word' id='word_1_302' title='bbox 1288 4158 1436 4221; x_wconf 87' lang='lat' dir='ltr'>fortunae</span> 
     </span>
     <span class='ocr_line' id='line_1_40' title="bbox 373 4246 1435 4332; baseline 0.003 -21"><span class='ocrx_word' id='word_1_303' title='bbox 373 4252 539 4311; x_wconf 77' lang='grc'><strong>5616111116</strong></span> <span class='ocrx_word' id='word_1_304' title='bbox 561 4249 801 4332; x_wconf 88' lang='lat' dir='ltr'>communisque</span> <span class='ocrx_word' id='word_1_305' title='bbox 818 4249 910 4313; x_wconf 85' lang='lat' dir='ltr'>Mars</span> <span class='ocrx_word' id='word_1_306' title='bbox 930 4246 1005 4311; x_wconf 90' lang='lat' dir='ltr'>belli</span> <span class='ocrx_word' id='word_1_307' title='bbox 1026 4248 1082 4312; x_wconf 87' lang='lat' dir='ltr'>sit:</span> <span class='ocrx_word' id='word_1_308' title='bbox 1109 4249 1257 4326; x_wconf 87' lang='lat' dir='ltr'>advorsa,</span> <span class='ocrx_word' id='word_1_309' title='bbox 1283 4252 1435 4327; x_wconf 89' lang='lat' dir='ltr'>secunda,</span> 
     </span>
    </p>
   </div>
   <div class='ocr_carea' id='block_1_6' title="bbox 0 0 1697 4975">
    <p class='ocr_par' dir='ltr' id='par_1_13' title="bbox 0 0 1697 4975">
     <span class='ocr_line' id='line_1_41' title="bbox 0 0 1697 4975; baseline 0 0"><span class='ocrx_word' id='word_1_310' title='bbox 0 0 1697 4975; x_wconf 95' lang='lat' dir='ltr'> </span> 
     </span>
    </p>
   </div>
  </div>
 </body>
</html>
