3384 4975
343 467 387 532 96
531 479 651 534 LIBER
666 478 841 548 XXXXIII,
860 480 903 532 11.
920 479 1178 547 [amcbblbssb]

311 659 324 704 1
407 636 473 700 XL
499 637 593 700 Haec
609 646 643 699 et
665 635 728 698 alia
743 633 831 698 haud
852 654 1003 719 prospere
1020 636 1054 700 in
1070 635 1265 701 Macedonia
1281 653 1379 724 gesta

343 753 385 794 ex
400 729 500 795 Sexto
508 728 633 814 Digitio
651 727 780 792 tribuno
797 728 945 805 militum,
963 729 1020 812 qui
1036 730 1182 795 sacrificii
1195 753 1294 796 causa
1307 733 1378 796 Ro-

310 845 326 891 a
344 845 431 887 mam
447 831 588 898 venerat,
607 833 683 886 sunt
699 820 819 885 audita
845 833 977 906 propter
989 843 1073 906 quae
1086 823 1180 887 veriti
1196 836 1315 909 patres,
1335 848 1377 892 ne

343 938 410 1000 qua
425 916 527 998 maier
542 916 718 1000 ignominia
735 916 941 1000 acciperetur,
958 916 1082 1003 legatos
1099 917 1134 981 in
1143 918 1376 986 Macedoniam

343 1008 393 1073 M.
402 1009 556 1073 Fulvium
567 1009 723 1074 Flaccum
740 1020 774 1074 et
789 1008 840 1073 M.
851 1006 1025 1074 Caninium
1038 1011 1190 1076 Rebilum
1207 1014 1375 1094 miseumt,

309 1103 400 1186 aqui
421 1113 574 1187 conperta
596 1123 680 1186 quae
703 1113 875 1188 agerentur
896 1103 1065 1169 referrent:
1088 1117 1121 1170 et
1137 1116 1174 1170 ut
1190 1107 1234 1170 A
1252 1109 1375 1174 Atilius

343 1196 456 1260 consul
470 1195 600 1260 comitia
613 1196 797 1262 consulibus
810 1197 962 1282 rogandis
975 1197 1020 1261 ita
1033 1198 1180 1276 ediceret,
1197 1201 1245 1265 uti
1262 1223 1375 1269 mense

342 1288 494 1354 Ianuario
512 1289 641 1353 comitia
660 1300 781 1365 essent,
806 1303 838 1355 et
855 1302 891 1354 ut
911 1290 1015 1376 primo
1033 1312 1160 1375 queque
1177 1304 1323 1379 tempore
1340 1297 1375 1361 in

308 1407 326 1453 4
343 1383 458 1449 urbem
474 1383 604 1448 rediret
630 1384 758 1449 interim
769 1385 818 1448 M.
828 1384 948 1449 Raecio
966 1386 1105 1469 praetori
1121 1387 1320 1465 mandatum,
1338 1402 1375 1454 ut

344 1476 447 1542 edicto
464 1487 626 1542 senatores
640 1499 752 1542 omnes
765 1500 806 1542 ex
819 1488 888 1541 tnta
896 1478 1000 1555 Italia,
1017 1479 1080 1542 nisi
1096 1479 1153 1562 qui
1165 1479 1211 1544 rei
1223 1481 1374 1565 publicae

309 1593 325 1640 5
343 1569 614 1647 camaabessent,
632 1571 769 1636 Romam
786 1582 964 1636 revocaret:
982 1573 1038 1654 qui
1055 1572 1179 1637 Romae
1196 1587 1315 1653 essent,
1332 1600 1374 1643 ne

343 1663 415 1748 quis
429 1664 513 1728 ultra
525 1665 612 1729 mille
625 1686 780 1749 passuum
788 1665 830 1729 ab
839 1664 945 1729 Roma
957 1665 1092 1730 abesset
1120 1688 1168 1742 ea,
1181 1667 1230 1730 uti
1242 1681 1374 1745 senatus

343 1758 477 1835 censuit,
494 1769 570 1823 sunt
582 1759 676 1824 sacta.
703 1759 832 1826 comitia
844 1759 1024 1824 constdaria
1035 1771 1109 1825 ante
1124 1761 1209 1824 diem
1223 1762 1374 1845 quintum

310 1851 407 1919 skal.
424 1852 617 1917 Februarias
639 1853 740 1918 fuere.
784 1853 883 1918 creati
904 1853 1051 1917 consules
1074 1863 1149 1917 sunt
1166 1853 1209 1935 Q.
1226 1853 1373 1921 Marcius

311 1967 324 2010 r
343 1945 514 2032 Philippus
540 1948 657 2012 iterum
683 1959 715 2012 et
739 1944 801 2013 Cn.
825 1945 981 2012 Servilius
1004 1943 1136 2032 (laepia
1188 1959 1262 2033 post
1286 1949 1374 2013 diem

343 2042 473 2106 tertium
493 2054 653 2127 praetores
676 2054 750 2107 sunt
771 2043 848 2107 facti
872 2038 911 2106 C.
930 2041 1114 2118 Decimius,
1140 2042 1190 2105 M.
1215 2039 1373 2108 Claudius

343 2135 529 2212 Marcellus,
548 2132 587 2200 O.
598 2135 760 2221 Sulpicius
775 2134 902 2214 Gallus,
922 2132 961 2200 C.
975 2136 1119 2201 Marcius
1133 2136 1281 2221 Figulus,
1301 2135 1372 2202 Ser.

308 2245 325 2293 8
344 2226 513 2295 Cornelius
527 2230 697 2308 Lentulus,
714 2229 754 2294 P.
765 2230 919 2294 Fonteius
935 2226 1060 2314 Capito.
1088 2229 1260 2314 designatis
1277 2251 1373 2314 prae·

343 2323 465 2386 toribus
491 2333 616 2405 praeter
642 2324 722 2386 duas
749 2323 889 2387 urbanas
912 2334 1063 2405 quattuor
1087 2322 1269 2406 provinciae
1295 2335 1373 2387 sunt

344 2414 500 2491 decretae,
518 2415 678 2499 Hispania
696 2427 728 2480 et
746 2414 896 2480 Sardinia
912 2425 946 2480 et
964 2414 1074 2480 Sicilia
1092 2427 1125 2479 et
1142 2415 1261 2480 elassis.

310 2526 325 2574 9
406 2508 527 2593 Legati
545 2531 585 2573 ex
593 2509 787 2575 Macedonia
804 2522 917 2575 exacto
936 2510 1109 2574 admodum
1126 2510 1372 2576 menseFebru·

344 2601 413 2667 ario
429 2602 603 2668 redierunt.
630 2603 664 2665 hi
686 2626 766 2687 quas
789 2628 840 2669 res
859 2627 898 2669 ea
915 2614 1034 2670 aestate
1051 2625 1202 2689 prospere
1219 2604 1372 2689 gessisset

344 2719 401 2762 rex
422 2696 563 2763 Perseus
586 2698 767 2765 referebant
789 2709 991 2783 quantusque
1019 2698 1114 2761 timor
1136 2698 1237 2761 socios
1260 2699 1372 2784 populi

342 2792 481 2857 Romani
498 2794 634 2878 cepisset
651 2804 698 2859 tot
712 2795 846 2859 urbibus
863 2794 898 2857 in
915 2802 1104 2877 potestatem
1116 2792 1200 2875 regis
1218 2794 1371 2857 redactis:

294 2907 326 2953 10
344 2886 520 2949 exercitum
534 2888 672 2952 consulis
686 2888 919 2969 infrequentem
933 2884 1162 2950 commeatibus
1176 2886 1274 2970 vulgo
1288 2887 1372 2950 datis

342 3001 405 3062 pers
417 2978 622 3044 ambitionem
641 3003 724 3059 esse3
742 2982 870 3064 culpam
890 2978 958 3044 eius
976 2978 1022 3042 rei
1039 2978 1201 3042 consulem
1219 2978 1252 3043 in
1270 2979 1372 3043 tribu-

293 3093 323 3139 11
343 3092 401 3135 nos
419 3071 567 3148 militum,
585 3086 695 3139 contra
711 3076 783 3139 illos
800 3074 835 3138 in
852 3072 1015 3137 consulem
1033 3070 1187 3135 conferre.
1233 3072 1372 3157 ignomi-

341 3164 429 3228 niam
442 3162 560 3229 Claudi
577 3168 752 3233 temeritate
771 3177 935 3253 acceptam
953 3166 1077 3230 elevare
1098 3187 1152 3230 cos
1170 3176 1278 3251 patres
1297 3190 1372 3232 ceu-

343 3268 490 3335 suerunt3
518 3260 636 3346 quippe
659 3283 836 3347 perpaucos
855 3258 958 3324 Italici
981 3258 1106 3344 generis
1124 3268 1156 3323 et
1178 3282 1297 3344 magna
1315 3258 1373 3347 [ex

342 3348 449 3436 parte]
467 3354 673 3419 tumultuario
691 3356 810 3419 dilectu
827 3354 1023 3438 conscriptos
1041 3352 1087 3415 ibi
1103 3352 1218 3416 milites
1236 3354 1372 3420 amissos

293 3465 325 3512 12
342 3444 533 3510 referebant.
578 3450 723 3514 consides
742 3447 899 3533 designati
917 3447 972 3511 ubi
990 3448 1128 3531 primum
1146 3445 1372 3531 magistratum

342 3539 484 3615 inissent,
503 3538 543 3603 de
551 3540 744 3606 Macedonia
761 3542 880 3606 referre
898 3540 938 3604 ad
957 3550 1102 3604 senatum
1119 3538 1212 3616 iussi;
1230 3537 1372 3606 destina·

343 3644 459 3715 taeque
476 3634 659 3717 provinciae
675 3638 702 3698 is
721 3646 796 3698 sunt
811 3635 905 3698 Italia
923 3644 955 3699 et
971 3633 1174 3697 Macedonia.

294 3743 325 3789 13
408 3728 482 3790 Hoc
505 3749 589 3789 anno
615 3727 837 3793 intercalatum
865 3738 925 3804 est;
952 3727 1046 3792 tertio
1072 3727 1124 3791 die
1149 3736 1223 3811 post
1245 3727 1371 3792 Termi-

343 3818 428 3882 nalia
444 3818 600 3883 kalendae
617 3820 834 3884 intercalariae
852 3821 951 3885 fuere.
997 3821 1177 3884 sacerdotes
1194 3820 1278 3884 intra
1296 3843 1371 3886 eum

344 3931 463 3972 annum
480 3911 598 3974 mertui
616 3921 699 3985 sunt,
714 3912 754 3975 L.
764 3911 963 3982 Flamininus
983 3910 1185 3996 [augur...]‚
1204 3914 1371 3998 pontifices

344 4000 408 4062 duo
427 4001 640 4079 decesserunt,
658 4002 699 4066 L.
710 4004 828 4067 Furius
842 4003 955 4065 Philus
974 4013 1005 4065 et
1023 4002 1061 4065 O.
1072 4004 1187 4069 Livius
1198 4006 1370 4071 Salinator.

343 4090 500 4159 inlocum
517 4096 608 4158 Furii
625 4095 664 4158 Τ.
677 4096 838 4159 Manlium
855 4095 1065 4176 Torquatum,
1083 4097 1117 4162 in
1134 4099 1210 4162 Livi
1227 4100 1277 4164 M.
1294 4098 1371 4165 Ser-

344 4181 455 4248 vilium
472 4188 637 4268 pontifices
655 4187 811 4273 legerunt.
