3384 4975
494 456 631 523 111111
645 457 804 530 xxxxu,
824 459 866 512 11.
881 458 923 512 ca
943 458 1096 530 [11111]
1280 441 1321 507 81

294 617 436 685 adhibito
458 616 618 700 frequenti
644 615 775 680 consilio
803 615 903 680 auditi
926 627 1008 680 sunt.
1053 637 1166 700 pacem
1193 614 1321 699 petiere,
1342 633 1373 681 to

295 713 432 798 vectigal
454 722 610 795 quantum
628 709 797 794 Philippus
820 719 934 793 pactus
957 720 1054 786 esset,
1078 710 1226 774 daturum
1242 709 1323 773 Per-
1421 782 1425 795 1

294 829 350 871 sea
367 805 531 871 Romanis
544 804 738 889 pollicentis:
766 802 908 877 urbibus,
923 803 1007 887 agris
1029 803 1184 887 locisque,
1206 803 1321 887 quibus

295 898 467 984 Philippus
481 897 639 972 cessisset,
658 917 821 960 cessurum
838 895 988 980 primum.
1015 895 1095 961 haec
1106 896 1214 982 legati.
1237 919 1323 960 sum·
1342 913 1372 960 11

295 992 392 1055 motis
416 991 465 1055 his
488 1012 563 1054 cum
585 990 815 1065 consultarent,
837 989 985 1053 Romana
1003 990 1179 1054 constantia
1199 989 1276 1054 vicit
1291 989 1324 1053 in

296 1083 440 1148 consilio.
484 1082 530 1146 ita
547 1093 615 1147 tum
632 1103 702 1147 mos
720 1083 848 1175 11111111
866 1082 1007 1147 adversis
1025 1083 1149 1147 voltum
1166 1082 1323 1147 secundae

298 1176 447 1241 fortunae
464 1199 586 1262 gerere,
603 1176 762 1242 moderari
779 1177 885 1263 animo
904 1177 938 1242 in
956 1177 1114 1243 secundis.
1142 1176 1325 1260 responderi
1344 1193 1376 1239 12

297 1270 433 1356 placuit,
457 1270 503 1333 ita
519 1291 632 1356 pacem
649 1271 733 1347 dari,
756 1272 783 1336 si
801 1271 840 1337 de
859 1294 985 1336 summa
1000 1293 1107 1337 rerum
1124 1270 1261 1335 liberum
1278 1291 1326 1333 se-

297 1363 387 1428 natui
416 1364 581 1450 permittat
610 1387 667 1430 rex
698 1365 738 1430 de
768 1389 803 1431 se
830 1365 933 1449 deque
959 1365 1108 1430 universa
1133 1362 1327 1428 Macedonia

297 1458 457 1522 statuendi
479 1458 540 1523 ius.
584 1457 664 1523 haec
688 1481 761 1523 cum
778 1459 1013 1524 renuntiassent
1033 1457 1147 1544 legati,
1172 1457 1326 1521 miraculo
1347 1472 1377 1518 13

297 1550 418 1635 ignaris
436 1552 533 1616 moris
554 1551 730 1637 pertinacia
752 1575 822 1617 esse
840 1562 873 1617 et
894 1552 1037 1637 plerique
1059 1562 1167 1617 vetare
1191 1550 1326 1634 amplius

299 1645 492 1710 mentionem
523 1645 611 1731 pacis
641 1645 763 1712 facere:
798 1647 883 1711 ultro
909 1666 984 1709 mox
1015 1644 1214 1729 quaesituros
1240 1643 1327 1727 quod

298 1738 442 1803 oblatum
477 1739 650 1805 fastidiant.
704 1739 843 1806 Perseus
878 1738 961 1803 hanc
994 1739 1099 1824 ipsam
1133 1736 1325 1823 superbiam,
1347 1754 1378 1799 14

299 1833 417 1918 quippe
435 1856 477 1898 ex
492 1833 610 1899 fiducia
627 1835 744 1900 virium
761 1857 841 1912 esse,
860 1833 986 1912 timere3
1005 1843 1037 1900 et
1055 1855 1212 1898 summam
1229 1853 1326 1917 pecu-

298 1927 371 1990 niae
390 1949 526 2012 augens‚
554 1927 581 1991 si
598 1928 700 2012 pretio
718 1951 833 2013 pacem
850 1950 954 1993 emere
976 1937 1098 2013 posset,
1124 1949 1189 1991 non
1207 1926 1347 1990 destitit.

299 2019 444 2083 animum
461 2021 600 2085 consulis
623 2031 788 2106 temptare.
833 2032 1003 2104 postquam
1025 2021 1104 2084 nihil
1126 2043 1166 2084 ex
1184 2042 1222 2084 eo
1240 2019 1327 2102 quod
1349 2036 1376 2081 15

300 2112 404 2198 primo
421 2113 629 2197 responderat
643 2113 797 2190 mutabat,
816 2114 984 2197 desperata
995 2131 1076 2199 pace
1094 2113 1137 2178 ad
1145 2111 1327 2189 Sucurium,

301 2206 387 2271 unde
404 2207 567 2292 profectus
591 2218 673 2284 erat,
697 2207 805 2284 rediit,
828 2207 904 2271 belli
922 2229 1033 2271 casum
1051 2206 1091 2271 de
1107 2206 1232 2291 integro
1250 2215 1330 2269 tem-

300 2309 457 2384 ptaturus.
1184 2325 1185 2330 ¹

366 2393 497 2459 LXIII.
521 2394 624 2460 Fama
632 2395 788 2479 equestris
801 2417 930 2481 pugnae
944 2395 1076 2480 vulgata
1088 2415 1146 2479 per
1156 2391 1328 2459 Graeciam
1349 2410 1360 2455 1

301 2485 436 2550 nudavit
452 2490 630 2554 voluntates
648 2489 824 2554 hominum.
846 2490 1018 2569 nonenim
1037 2490 1139 2553 solum
1158 2488 1212 2573 qui
1230 2489 1328 2573 partis

302 2579 522 2644 Macedonum
540 2593 643 2660 erant,
670 2583 728 2647 sed
745 2584 888 2667 plerIque
909 2583 1093 2667 ingentibus
1111 2582 1331 2645 Romanorum

302 2672 436 2757 obligati
469 2674 643 2753 benefieiis,
675 2676 806 2759 quidam
837 2676 904 2740 vim
935 2674 1182 2760 superbiamque
1209 2673 1331 2758 experti

304 2762 464 2853 [Persei],
485 2768 561 2833 laeti
578 2792 649 2834 eam
670 2769 792 2834 famam
809 2791 976 2853 accepere,
999 2789 1065 2831 non
1083 2765 1125 2830 ob
1143 2766 1238 2830 aliam
1256 2788 1332 2831 cau·
1350 2783 1365 2830 2

302 2882 373 2924 sam
390 2882 487 2945 quam
505 2884 604 2948 pravo
622 2864 742 2942 studio,
761 2885 825 2948 quo
843 2863 939 2930 etiam
956 2863 990 2927 in
1008 2860 1232 2927 certaminibus
1249 2861 1332 2926 ludi·

302 2954 366 3019 cris
383 2956 499 3041 vulgus
518 2957 626 3036 utitur,
645 2958 793 3024 deteriori
810 2967 907 3043 atque
924 2956 1090 3023 infirmiori
1107 2955 1255 3022 favendo.

368 3046 493 3114 Eodem
512 3060 653 3135 tempore
670 3052 704 3116 in
720 3052 859 3118 Boeotia
876 3074 1001 3117 summa
1018 3051 1051 3116 vi
1065 3050 1248 3116 Haliartum
1262 3050 1331 3115 Lu·
1350 3066 1364 3111 3
1472 3134 1474 3139 Ι

305 3141 421 3206 cretius
438 3155 566 3228 praetor
583 3148 792 3232 oppugnabat
797 3172 806 3225 3
830 3157 863 3212 11
880 3167 1076 3230 quamquam
1093 3167 1153 3210 nec
1171 3145 1332 3210 habebant

303 3246 436 3300 externa
461 3238 580 3303 auxilia
602 3239 725 3305 obsessi
747 3252 873 3327 praeter
892 3239 1160 3306 Coronitanorum
1181 3240 1331 3317 iuniores,

302 3330 362 3412 qui
378 3331 480 3415 prima
494 3332 657 3401 obsidione
670 3336 797 3401 moenia
810 3337 1018 3411 intraverant,
1031 3357 1137 3419 neque
1151 3335 1331 3419 sperabant,

306 3441 413 3488 tamen
430 3424 491 3508 ipsi
508 3427 622 3492 animis
644 3430 748 3514 magis
766 3451 863 3512 quam
881 3429 1002 3493 viribus
1023 3428 1221 3492 resistebant.
1257 3451 1333 3492 nam
1350 3443 1366 3488 4

305 3526 339 3580 et
356 3517 534 3601 eruptiones
552 3520 587 3583 in
600 3539 698 3606 opera
715 3521 825 3585 crebro
840 3520 1012 3596 faciebant,
1030 3530 1062 3585 et
1076 3520 1205 3583 arietem
1224 3519 1334 3582 admo·

307 3619 378 3671 tum
404 3630 491 3673 nunc
514 3609 615 3695 [saxis
642 3613 840 3697 ingentibus,
868 3610 970 3698 nunc]
993 3611 1184 3675 libramento
1210 3612 1333 3695 plumbi

305 3711 478 3786 gravatum
499 3703 540 3766 ad
562 3715 679 3768 terram
701 3706 881 3790 urguebant
904 3716 950 3780 et,
977 3705 1004 3769 si
1021 3724 1086 3787 qua
1103 3704 1261 3769 declinare
1278 3728 1333 3771 ne-

299 3792 475 3877 ‚quiverant
504 3795 618 3875 ictum,
648 3819 707 3884 pro
734 3798 838 3863 diruto
865 3820 956 3863 muro
982 3818 1101 3861 novum
1127 3791 1332 3864 tumultuario

305 3910 405 3973 opere
423 3890 539 3974 raptim
553 3914 593 3957 ex
610 3892 681 3979 ipsa
697 3893 808 3958 ruinae
826 3904 933 3979 strage
947 3892 1106 3977 congestis
1125 3892 1209 3956 saxis
1227 3904 1334 3960 extru-

282 3981 421 4049 ebaut'
452 4006 526 4049 cum
544 3987 692 4073 operibus
714 3985 844 4075 len[tior
867 3984 1080 4074 oppugna]tio
1105 3997 1203 4064 esset,
1231 3988 1332 4054 scalas
1351 4008 1365 4053 5

309 4099 366 4161 per
383 4079 562 4166 manipulos
581 4081 679 4161 dividi
696 4093 823 4168 praetor
843 4082 936 4149 iussit
953 4104 1070 4146 corona
1087 4080 1228 4164 undique
1246 4105 1333 4151 moe·

308 4172 363 4235 nia
374 4173 593 4259 adgressurus,
612 4198 649 4241 eo
660 4176 763 4264 magis
778 4177 983 4244 suffecturam
998 4173 1040 4239 ad
1053 4174 1086 4238 id
1100 4174 1333 4242 multitudinem

361 4273 504 4318 1111111111.
1105 4275 1121 4331 6
