3384 4975
414 519 458 585 34
630 528 748 584 LIBER
764 526 924 596 XXXXH‚
943 526 1020 582 7-9.
1038 528 1078 591 [e.
1088 542 1115 579 u.
1125 538 1150 578 c.
1158 523 1225 591 581]

382 699 554 759 rcurrant.
597 709 671 771 pars
694 707 814 770 magna
831 682 974 768 equitum
996 683 1134 747 mediam
1151 680 1276 746 traiecit
1292 683 1395 748 aciem
1411 698 1445 752 et

417 784 459 847 ed
475 794 567 868 terga
583 781 795 867 pugnantium
811 778 960 862 pervasit.
987 776 1062 840 inde
1079 787 1180 840 terror
1195 776 1331 842 iniectus
1340 777 1445 863 Ligu·

265 896 268 902 ·
350 912 353 916 ,
383 899 399 948 8
417 878 519 954 ribus3
538 875 654 940 diversi
671 873 704 937 in
719 895 829 937 omnes
843 882 950 956 partes
963 871 1125 955 fugerunt,
1143 871 1295 955 perpauci
1308 883 1395 936 retro
1410 873 1445 937 in

416 971 580 1057 oppidum,
596 967 673 1052 quia
689 968 763 1033 inde
778 990 812 1031 ee
825 966 964 1031 maxime
978 965 1138 1029 obiecerat
1151 986 1259 1047 eques.
1287 979 1320 1030 et
1333 989 1446 1053 pugna

417 1076 484 1129 tam
503 1064 654 1147 pervicax
675 1063 793 1128 multos
816 1061 1037 1144 absumpserat
1059 1058 1235 1144 Ligurum,
1260 1061 1342 1126 etin
1364 1061 1446 1146 fuga

384 1178 398 1224 9
416 1158 535 1242 passim
552 1157 637 1220 caesi
655 1166 738 1218 sunt.
784 1155 896 1218 decem
913 1153 1001 1216 milia
1018 1152 1184 1217 hominnm
1201 1168 1296 1218 caesa
1311 1149 1444 1219 tradun-

416 1262 481 1327 tur,
508 1251 643 1335 amplius
668 1248 860 1335 septingenti
882 1246 1030 1332 (passim)
1052 1247 1151 1331 capti,
1179 1247 1270 1331 signe
1295 1248 1444 1313 militaria

349 1392 351 1396 -
368 1365 399 1412 10
416 1345 518 1409 relata
536 1344 699 1427 octoginta
717 1343 791 1407 duo.
837 1339 927 1428 [nec]
949 1341 1116 1405 incruenta
1132 1342 1264 1405 victoria
1280 1343 1357 1420 fuit3
1375 1365 1444 1407 am·

415 1439 501 1523 plius
523 1437 584 1501 tria
605 1436 693 1499 milia
709 1436 846 1499 militum
864 1436 995 1511 amisse,
1018 1443 1098 1499 cum'
1111 1435 1297 1499 cedentibus
1321 1436 1442 1500 neutris

417 1553 458 1595 ex
474 1542 564 1616 perte
582 1541 716 1612 utraque
734 1530 888 1613 primores
906 1529 1066 1593 caderent.

384 1644 398 1690 1
482 1624 577 1689 Vlll.
606 1624 686 1686 Post
708 1622 791 1687 hauc
811 1645 956 1708 pugnam
978 1645 1018 1687 ex
1041 1623 1168 1686 diversa
1188 1621 1268 1707 fuga
1288 1623 1321 1687 in
1342 1645 1442 1687 unum

416 1716 541 1782 collecti
566 1717 719 1800 Ligures,
755 1739 829 1779 cum
859 1716 1013 1782 maiorem
1044 1717 1145 1780 multo
1174 1727 1299 1801 partem
1325 1715 1442 1780 civium

417 1811 567 1874 emissam
585 1829 682 1892 quam
700 1831 867 1894 superesse
885 1821 1050 1875 cernerent
1062 1846 1106 1856 -
1117 1832 1178 1876 nec
1195 1811 1280 1876 enim
1296 1811 1368 1896 plus
1384 1809 1442 1875 de-

417 1925 487 1969 cem
504 1903 592 1967 milia
609 1903 772 1967 hominum
790 1913 880 1968 erant
896 1939 949 1981 -,
968 1903 1157 1969 dediderunt
1174 1928 1259 1982 sese,
1277 1904 1355 1969 nihil
1372 1904 1444 1988 qui·

383 2017 399 2064 2
417 1998 490 2063 dem
511 1999 557 2062 illi
578 1997 678 2083 pecti3
706 2007 910 2082 speraverant
931 2009 1040 2063 tamen
1063 1996 1158 2083 [non]
1181 1999 1317 2064 atrocius
1344 2020 1442 2082 quam

383 2113 398 2161 e
418 2093 596 2178 superiores
613 2093 820 2178 imperatores
838 2094 1003 2156 consulem
1016 2092 1050 2156 in
1064 2115 1099 2158 se
1112 2093 1316 2158 saeviturum.
1343 2092 1442 2157 atille

417 2209 507 2252 arma
533 2188 680 2251 omnibus
707 2186 840 2262 ademit,
868 2186 1022 2272 oppidum
1047 2186 1157 2262 diruit,
1183 2187 1270 2272 ipsos
1296 2186 1444 2269 bonaque

417 2302 530 2346 eorum
547 2280 708 2357 vendidit;
726 2279 911 2363 litterasque
930 2281 1055 2345 senatui
1072 2281 1112 2346 de
1129 2281 1224 2345 rebus
1238 2281 1279 2344 ab
1294 2303 1329 2346 se
1346 2279 1442 2366 gestis

383 2396 401 2442 4
418 2373 513 2438 misit.
540 2396 620 2457 quas
639 2396 713 2438 cum
730 2371 773 2437 A.
791 2374 911 2438 Atilius
928 2385 1056 2459 praetor
1072 2375 1106 2438 in
1124 2374 1211 2439 curia
1228 2374 1441 2439 recitasset-

417 2491 493 2534 nam
505 2470 616 2534 consul
635 2469 714 2534 alter
722 2467 908 2533 Postumius
922 2469 1007 2555 agris
1021 2469 1285 2555 recognoscendis
1302 2469 1336 2534 in
1346 2467 1444 2535 Cem-

384 2585 399 2633 5
417 2564 513 2648 pania
530 2573 702 2648 occupatus
720 2563 891 2640 aberat-,
909 2577 1000 2627 atrox
1018 2587 1069 2629 res
1087 2565 1156 2629 visa
1173 2566 1306 2641 senatui,
1326 2563 1444 2630 Statel-

419 2658 509 2734 lates,
528 2657 585 2741 qui
598 2658 654 2721 uni
669 2678 708 2721 ex
717 2657 879 2743 Ligurum
893 2667 988 2743 gente
1001 2679 1066 2722 non
1079 2658 1226 2725 tulissent
1235 2681 1323 2723 arma
1332 2659 1443 2722 edver-

420 2774 474 2816 sus
482 2753 654 2827 Romanos,
673 2762 742 2815 tum
755 2772 883 2835 quoque
897 2761 1097 2836 oppugnatos
1110 2774 1176 2816 non
1189 2753 1271 2817 ultro
1280 2752 1444 2816 inferentis
1485 2816 1487 2819 Α

419 2845 554 2920 bellum,
582 2845 704 2909 deditos
730 2846 764 2909 in
790 2846 886 2909 fidem
913 2845 1024 2929 populi
1046 2845 1184 2911 Romani
1207 2848 1293 2912 omni
1313 2846 1443 2911 ultimae

385 2959 400 3007 6
419 2939 613 3003 crudelitatis
635 2940 781 3024 exemplo
803 2940 959 3003 laceratos
981 2962 1019 3004 ac
1036 2940 1156 3006 deletos
1179 2964 1264 3019 esse,
1290 2952 1336 3006 tot
1356 2939 1444 3004 milia

420 3030 560 3116 capitum
576 3031 788 3109 innoxiorum,
806 3033 903 3097 fidem
916 3032 1106 3117 inplorantia
1119 3036 1230 3121 populi
1239 3033 1385 3110 Romani,
1402 3055 1443 3096 ne

419 3123 491 3206 quis
508 3147 661 3208 umquam
675 3148 709 3191 se
723 3138 835 3210 postea
846 3125 963 3190 dedere
977 3128 1117 3205 auderet,
1136 3150 1284 3213 pessumo
1299 3126 1444 3210 exemplo

419 3218 554 3295 venisse,
572 3230 605 3284 et
622 3219 788 3284 distractos
805 3220 925 3304 passim
942 3220 1032 3285 iustis
1046 3224 1209 3305 quondam
1226 3222 1368 3287 hostibus
1386 3242 1444 3305 po·

386 3335 400 3382 r
418 3313 487 3398 puli
503 3313 641 3399 Romani
651 3312 784 3399 [nuper]
799 3316 921 3399 pacatis
939 3316 1066 3380 servire.
1092 3322 1174 3400 'quas
1192 3318 1235 3382 ob
1252 3339 1302 3382 res
1319 3316 1443 3400 placere

419 3407 558 3484 senatui,
576 3408 625 3471 Μ.
643 3407 817 3491 Popillium
834 3409 1000 3478 consulem,
1014 3409 1155 3495 Ligures
1178 3410 1278 3497 pretio
1296 3407 1445 3492 emptori·

418 3501 479 3566 bus
497 3501 621 3566 reddito
642 3501 730 3586 ipsos
748 3501 913 3567 restituere
937 3502 971 3567 in
992 3503 1171 3571 libertatem
1188 3505 1335 3585 bonaque
1352 3511 1389 3565 ut
1406 3506 1445 3576 is,

386 3616 401 3664 e
420 3596 576 3680 quidquid
594 3595 663 3660 eius
680 3594 850 3680 reciperari
868 3597 982 3681 possit,
1008 3597 1183 3664 reddantur
1205 3617 1329 3671 curare,
1356 3617 1447 3658 amne

420 3687 554 3775 [primo]
577 3710 705 3772 quoque
730 3700 873 3774 tempore
900 3691 1011 3757 referri
1037 3713 1098 3757 nec
1119 3704 1193 3760 ante
1216 3690 1378 3757 consulem
1405 3688 1447 3751 de

418 3784 584 3865 provincia
601 3783 755 3849 decedere
773 3805 870 3867 quam
885 3784 1008 3849 deditos
1025 3784 1059 3848 in
1078 3786 1188 3853 sedem
1205 3808 1296 3852 suam
1306 3782 1446 3868 Ligures

419 3877 616 3941 restituisset.
661 3876 781 3940 claram
803 3877 969 3941 victoriam
992 3878 1148 3944 vincendo
1170 3877 1358 3967 pugnantis,
1380 3895 1446 3940 non

420 3968 590 4032 saeviendo
606 3970 641 4033 in
659 3969 802 4033 adflictos
818 3969 897 4034 fieri.

387 4077 400 4123 1
479 4058 593 4123 VIIII.
621 4059 744 4125 Consul
761 4082 826 4143 qua
842 4062 962 4127 ferocia
979 4055 1076 4127 enimi
1093 4089 1171 4132 usus
1190 4065 1306 4130 eratin
1316 4060 1447 4146 Liguri-

387 4149 495 4225 sbus,
519 4154 653 4217 eandem
670 4155 713 4218 ad
733 4176 797 4219 non
818 4154 995 4240 parendum
1014 4160 1139 4225 senatui
1155 4158 1277 4225 habuit.
1312 4151 1448 4240 legioni·

421 4243 481 4309 bus
499 4245 761 4328 extemploPisas
777 4248 812 4311 in
829 4248 1034 4315 hibernacula
1051 4252 1155 4319 missis
1173 4253 1273 4318 iratus
1290 4248 1445 4335 patribus,
