3384 4975
379 467 446 542 184
582 489 702 548 mam
717 438 875 559 xiim,
894 488 936 544 34.
951 487 993 542 35.
1012 487 1200 555 [anasse]

379 648 484 736 natni]
504 657 689 725 reservarat,
708 659 740 712 et
757 649 825 738 ipse
839 645 974 711 navibus
993 646 1176 730 expectatis,
1195 646 1311 729 quibus
1330 669 1411 715 usus

380 744 612 810 Macedonicus
631 742 788 807 exercitus
806 751 883 816 erat,
901 741 935 803 in
952 740 1078 803 Italiam
1096 740 1227 804 traiecit.

330 860 365 909 ro
449 837 534 903 Oum
551 837 630 901 haec
648 837 681 899 in
698 835 893 900 Macedonia
909 834 1072 918 Epiroque
1090 844 1181 918 gesta
1199 844 1286 911 sunt,
1310 835 1412 921 legati

382 935 530 1017 quicum
547 930 659 995 Attalo
678 931 719 994 ad
741 929 916 994 finiendum
938 928 1057 992 bellum
1079 929 1161 992 inter
1180 927 1292 994 Gallos
1311 942 1343 994 et
1360 954 1413 995 re·

329 1048 363 1094 11
381 1049 455 1112 gem
473 1026 653 1110 Eumenem
675 1024 764 1088 missi
786 1034 890 1112 erant,
913 1024 947 1087 in
964 1023 1077 1087 Asiam
1095 1035 1317 1108 pervenerunt.
1361 1025 1412 1088 in-

382 1119 479 1183 dutiis
501 1141 560 1204 per
581 1118 719 1183 hiemem
741 1117 834 1182 factis
853 1127 885 1181 et
903 1115 990 1182 Galli
1009 1117 1118 1180 domos
1137 1116 1281 1180 abierant
1304 1128 1335 1182 et
1352 1142 1411 1184 rex

381 1213 416 1277 in
434 1213 568 1276 hiberna
585 1222 784 1277 concesserat
797 1211 994 1295 Pergamum
1011 1210 1165 1294 gravique
1183 1210 1294 1274 morbo
1314 1233 1411 1296 aeger

381 1306 496 1371 fuerat.
540 1328 597 1370 ver
618 1305 757 1391 primum
780 1327 821 1368 ex
838 1304 932 1368 domo
951 1304 1081 1380 excivit,
1107 1304 1235 1386 iamque
1255 1302 1410 1387 Synnada

380 1411 606 1486 pervenerant,
635 1421 708 1476 cum
729 1398 891 1464 Eumenes
918 1399 959 1462 ad
983 1397 1093 1464 Sardis
1111 1399 1261 1481 ¹undique
1288 1399 1410 1463 exerci-

329 1504 451 1563 ntum
469 1502 678 1558 contraxerat.
705 1493 750 1556 ibi
767 1491 906 1556 Romani
924 1514 996 1556 cum
1015 1502 1047 1556 et
1065 1491 1276 1556 Solovettium
1294 1492 1412 1558 ducem

383 1587 553 1653 Gallorum
571 1585 734 1671 Synnadis
755 1582 777 1670 [.
789 1633 797 1648 .
808 1633 816 1648 .
828 1583 851 1670 .]
872 1585 1011 1649 adlocuti
1030 1597 1117 1662 sunt,
1137 1597 1168 1650 et
1185 1586 1316 1650 Attalus
1335 1608 1410 1650 oum

382 1681 428 1745 eis
445 1681 621 1765 profectus,
645 1679 702 1744 sed
720 1690 823 1744 castra
842 1677 1011 1744 Gallorum
1032 1680 1149 1744 intrare
1168 1702 1240 1743 eum
1258 1701 1322 1743 non
1340 1681 1411 1764 pla-

331 1793 364 1841 13
383 1774 458 1849 cuit,
476 1796 517 1837 ne
536 1773 633 1836 animi
651 1796 691 1836 ex
709 1772 937 1858 disceptatione
957 1773 1168 1838 imitarentur.
1204 1774 1244 1837 P.
1262 1773 1409 1838 Licinius

381 1888 456 1931 cum
472 1866 584 1951 regulo
603 1864 772 1932 Gallorum
790 1876 838 1930 ost
855 1867 980 1931 locutus
997 1867 1198 1949 rettulitque,
1221 1866 1410 1931 ferociorem

331 1979 365 2026 14
382 1981 456 2023 eum
479 1960 679 2045 deprecando
701 1960 837 2036 factum,
864 1970 900 2023 ut
926 1961 1042 2024 mirum
1064 1959 1165 2023 videri
1185 1960 1299 2044 possit,
1326 1957 1409 2024 inter

382 2064 449 2117 tam
472 2055 638 2139 opulentos
661 2076 769 2138 reges,
795 2053 994 2118 Antiochum
1012 2054 1310 2137 Ptolemaeumque,
1339 2064 1409 2119 tan·

381 2159 452 2212 tum
474 2149 652 2235 legatorum
669 2148 888 2213 Romanorum
907 2148 1006 2212 verba
1023 2149 1175 2226 valuisse,
1194 2161 1231 2212 ut
1248 2150 1411 2234 extemplo

382 2262 494 2328 pacem
512 2245 662 2320 facerent,
681 2255 759 2328 aput
778 2241 891 2307 Gallos
907 2243 1025 2307 nullius
1043 2244 1196 2308 momenti
1213 2243 1320 2307 fuisse.

347 2355 362 2400 1
445 2337 598 2403 XXXV.
625 2337 763 2402 Romam
784 2336 923 2421 primum
943 2359 1035 2421 reges
1059 2337 1191 2420 captivi,
1215 2336 1350 2400 Perseus
1373 2346 1405 2399 et

383 2429 536 2505 Gentius,
562 2430 596 2493 in
619 2431 796 2494 custodiam
818 2452 892 2494 cum
913 2429 1020 2494 liberis
1045 2430 1190 2508 abducti,
1219 2428 1290 2495 dein
1311 2428 1411 2494 turba

382 2524 445 2588 alia
472 2524 683 2609 captivorum,
710 2535 779 2587 tum
805 2523 921 2608 quibus
944 2524 1161 2589 Macedonum
1188 2523 1408 2589 denuntiatum

346 2634 364 2682 2
383 2628 459 2695 erat,
477 2628 514 2682 ut
527 2618 663 2684 Romam
681 2618 835 2695 venirent,
853 2616 1127 2704 principum[que]
1143 2616 1315 2694 Graeciae3
1333 2641 1408 2681 nam

382 2711 415 2773 hi
433 2732 561 2795 quoque
578 2734 643 2776 non
666 2713 769 2777 solum
790 2722 971 2798 praesentes
990 2712 1084 2778 exciti
1107 2723 1210 2788 eraut,
1238 2712 1294 2775 sed
1313 2712 1410 2775 etiarn

382 2805 409 2867 si
435 2806 490 2886 qui
521 2828 654 2890 peregre
687 2829 756 2871 esse
783 2807 982 2882 dicebantur,
1012 2805 1123 2870 litteris
1156 2805 1297 2870 arcessiti
1324 2815 1406 2868 sunt..

261 2939 263 2943 -
346 2896 504 2961 :tPaulus
530 2899 599 2981 ipse
624 2910 697 2983 post
723 2899 789 2963 dies
815 2920 935 2983 paucos
961 2899 1050 2983 regia
1076 2917 1158 2963 nave
1179 2897 1317 2983 ingentis
1340 2920 1408 2960 ma-

381 2990 570 3074 gnitudinis,
603 3012 699 3073 quarn
730 2992 891 3057 sexdecim
921 3014 1031 3055 versus
1063 3012 1223 3057 remorum
1258 2992 1411 3076 agebant,

320 3146 327 3152 ,
383 3093 495 3145 ornata
513 3083 731 3148 Macedonicis
750 3085 873 3171 spoliis,
891 3106 955 3148 non
972 3085 1145 3171 insignium
1163 3096 1287 3150 tantum
1305 3106 1409 3148 armo-

381 3198 468 3252 rum,
496 3177 552 3240 sed
575 3177 670 3241 etiam
691 3180 852 3264 regiorum
874 3179 1045 3257 textilium,
1073 3180 1206 3245 adverso
1230 3179 1339 3243 Tiberi
1367 3178 1410 3241 ad

381 3270 494 3334 urbem
513 3282 561 3333 est
583 3272 768 3348 subvectus,
793 3271 946 3356 conpletis
964 3273 1040 3358 ripis
1059 3273 1186 3337 obviam
1204 3272 1308 3337 effusa
1325 3270 1410 3334 mul-

343 3364 525 3428 4titudine.
569 3388 689 3450 paucos
716 3377 789 3451 post
815 3365 882 3430 dies
905 3366 1040 3431 Anicius
1067 3379 1099 3433 et
1123 3365 1280 3431 Octavius
1307 3368 1411 3431 classe

381 3478 440 3523 sua
462 3459 597 3524 advecti.
641 3459 743 3524 tribus
766 3462 794 3523 is
817 3459 965 3525 omnibus
993 3461 1138 3526 decretus
1161 3471 1209 3525 est
1232 3461 1273 3523 ab
1296 3470 1410 3523 senatu

379 3552 571 3638 triumphus,
589 3553 839 3636 mandatumque
858 3553 900 3636 Q
918 3551 1031 3619 Cassio
1049 3554 1198 3639 praetori,
1218 3575 1291 3617 cum
1308 3552 1410 3615 tribu-

379 3645 430 3707 nis
453 3646 555 3730 plebis
578 3657 701 3732 ageret,
729 3670 769 3711 ex
792 3648 979 3713 auctoritate
1001 3660 1128 3732 patrum
1149 3647 1349 3731 rogationem
1368 3646 1411 3709 ad

381 3738 509 3821 plebem
526 3738 654 3814 ferrent,
672 3749 709 3803 ut
720 3742 762 3817 is,
786 3762 850 3823 quo
869 3741 919 3805 die
937 3741 1049 3805 urbem
1072 3741 1303 3824 triumphantes
1321 3739 1411 3804 inve-

344 3828 546 3909 5herentur,
572 3832 741 3916 imperium
768 3844 861 3897 esset.
910 3833 1028 3897 intacta
1054 3832 1174 3896 invidia
1196 3832 1303 3897 media
1326 3842 1411 3908 sunt,

381 3922 424 3983 ad
450 3946 575 3990 summa
600 3926 701 3991 ferme
727 3926 837 3991 tendit.
881 3946 940 3991 nec
964 3926 1003 3990 de
1025 3924 1121 3987 Anici
1144 3948 1204 3991 nec
1228 3926 1267 3989 de
1291 3921 1413 3989 Octavi

380 4014 543 4099 triumpho
569 4020 750 4084 dubitatum
777 4031 840 4097 est3
866 4017 1021 4095 Paulum,
1053 4020 1105 4083 cui
1129 4020 1192 4106 ipsi
1218 4042 1348 4104 quoque
1375 4042 1412 4083 se

350 4124 367 4173 6
383 4124 556 4189 conparare
573 4113 783 4189 erubuissent,
802 4110 988 4179 obtrectatio
1007 4113 1133 4198 carpsit.
1165 4116 1296 4198 antiqua
1315 4113 1410 4177 disci·

379 4198 470 4286 plina
491 4200 606 4269 milites
628 4206 797 4285 habuerat3
824 4207 865 4273 de
889 4204 1008 4294 praeda
1029 4208 1156 4292 parcius
1179 4228 1277 4292 quam
1300 4228 1413 4293 spera·
