3384 4975
346 506 411 573 130
532 516 650 575 mmm
665 513 854 581 mm,
870 514 972 569 Μί
989 515 1173 582 [namt]

312 671 822 762 eciliwmgratiamagiseupiit.
835 669 1374 735 uammodoneiuvaretbellollo·

345 764 1370 851 manostemmariqnamodopacispatnndaeunnldomanis

345 864 567 952 paciscebatur
576 859 771 926 mercedemz
788 880 830 923 ne
845 858 930 922 bello
936 859 1103 922 interesset
1119 859 1205 921 mille
1220 857 1373 943 [talem

312 972 382 1027 rut
403 980 515 1044 pacem
537 956 718 1022 conciliaret
735 949 839 1036 mille]
861 970 895 1015 et
916 952 1101 1035 quingenta.
1143 953 1176 1014 in
1194 966 1371 1035 utrumque

345 1074 408 1118 non
421 1052 517 1117 fidem
530 1051 627 1115 modo
640 1072 686 1123 se,
700 1047 757 1112 sed
770 1046 899 1110 obsides
906 1067 1035 1129 quoque
1047 1046 1124 1110 dare
1137 1062 1284 1130 paratum
1298 1070 1374 1112 esse

311 1146 542 1217 sostcndebat.
576 1143 715 1208 Perseus
733 1141 775 1204 ad
794 1163 864 1204 rem
880 1139 1093 1204 inchoandam
1113 1141 1372 1224 promptissimus

344 1254 410 1306 erat
426 1252 560 1325 cogente
568 1248 656 1301 metu
664 1248 695 1300 et
709 1234 749 1299 de
764 1233 929 1298 obsidibus
938 1233 1130 1317 accipiendis
1139 1234 1207 1297 sine
1216 1233 1370 1298 dilatione

311 1356 326 1404 a
344 1334 471 1420 agebat,
479 1342 745 1413 conveneratque,
754 1342 791 1392 ut
804 1329 926 1413 accepti
936 1326 1066 1392 Cretam
1079 1328 1288 1391 mitterentur.
1310 1329 1371 1392 ubi

343 1428 386 1493 ad
398 1426 552 1514 pecuniae
564 1425 757 1489 mentionem
771 1438 902 1487 ventum
916 1436 995 1498 erat,
1011 1423 1057 1486 ibi
1069 1421 1245 1486 haesitabat
1259 1436 1292 1486 et
1306 1424 1372 1486 uti-

343 1543 406 1607 que
424 1521 556 1586 alteram
567 1519 601 1583 in
618 1518 698 1583 tanti
711 1518 847 1582 neminie
865 1517 996 1602 regibus
1013 1532 1140 1601 turpem
1153 1539 1192 1579 ac
1205 1516 1370 1579 sordidam

294 1636 326 1683 to
343 1629 375 1680 et
397 1614 485 1678 danti
507 1625 539 1679 et
560 1613 664 1697 magis
690 1612 860 1695 accipienti
884 1611 1065 1675 mercedem
1091 1633 1160 1674 esse
1187 1611 1308 1687 aiebat3
1333 1611 1369 1674 in

342 1730 433 1792 spem
450 1706 615 1772 Romanae
636 1705 725 1790 pacis
747 1727 812 1769 non
832 1727 981 1770 recusare
1005 1705 1189 1788 inpensam,
1215 1704 1273 1768 sed
1295 1727 1369 1768 eam

342 1800 511 1885 pecuniam
532 1799 675 1885 perfecta
696 1822 732 1864 re
753 1799 918 1875 daturum,
943 1799 1065 1863 interea
1083 1797 1311 1863 Samotlnacae
1332 1799 1369 1862 in

294 1916 323 1963 ιι
343 1893 461 1980 templo
479 1893 707 1978 depositurum.
734 1894 895 1958 aninsula
911 1916 985 1957 cum
1002 1893 1103 1977 ipsius
1122 1893 1254 1956 dicionis
1272 1904 1370 1968 esset,

341 1987 449 2052 videre
465 1986 627 2051 Eumenes
645 1985 725 2050 nihil
741 1987 909 2062 interesse,
931 2010 973 2049 an
989 1986 1100 2050 Pellae
1117 1985 1253 2071 pecunia
1270 2000 1367 2061 esset,

293 2103 324 2150 12
341 2080 373 2144 id
392 2103 487 2166 agere
501 2093 536 2144 ut
554 2093 677 2166 partem
691 2081 831 2163 aliquam
849 2093 1047 2166 praesentem
1065 2080 1171 2144 ferret.
1197 2080 1242 2144 ita
1254 2079 1369 2163 nequi·

341 2194 438 2258 quam
455 2173 538 2237 inter
555 2196 590 2239 se
608 2174 726 2260 captati
742 2173 821 2237 nihil
839 2185 965 2257 praeter
981 2173 1147 2237 infamiam
1166 2195 1303 2237 morere.

308 2288 321 2336 1
403 2264 538 2332 XXVL
564 2267 634 2333 Nec
655 2267 735 2332 haec
756 2279 880 2331 tantum
901 2267 1014 2331 Persei
1039 2290 1097 2351 per
1123 2268 1288 2330 avaritiam
1315 2279 1366 2330 est

341 2360 471 2425 dimissa
487 2383 552 2438 res,
579 2383 653 2425 cum
669 2360 806 2445 pecunia
821 2361 948 2424 modica
964 2372 1021 2424 ant
1042 2383 1156 2445 pacem
1173 2361 1287 2424 habere
1303 2380 1366 2443 per

339 2452 526 2531 Eumenen,
553 2476 635 2539 quae
660 2456 712 2520 vel
738 2467 829 2540 parte
854 2455 945 2541 regni
971 2456 1158 2521 redimenda
1184 2466 1281 2530 esset,
1308 2465 1365 2519 aut

341 2547 492 2634 deceptus
510 2548 692 2633 protrahere
709 2550 874 2614 inimicum
886 2551 1033 2615 mercede
1046 2563 1196 2614 onustum
1209 2562 1241 2614 et
1257 2549 1365 2613 hostes

308 2662 323 2709 2
340 2642 452 2708 merito
470 2642 501 2708 ei
509 2642 670 2708 Romanos
687 2654 795 2729 posset
812 2643 933 2721 facere3
952 2644 1009 2708 sed
1027 2656 1059 2709 et
1077 2655 1151 2709 ante
1162 2643 1260 2708 Genti
1277 2643 1363 2727 regis

340 2748 450 2822 parata
468 2736 602 2801 societas
620 2749 652 2802 et
668 2750 736 2802 tum
751 2736 920 2804 Gallorum
937 2739 1112 2803 effusorum
1129 2761 1187 2823 per
1199 2738 1363 2822 Illyricum

307 2829 452 2914 tingens
470 2830 612 2896 oblatum
632 2828 815 2917 [auxilium]
834 2832 967 2896 avaritia
984 2832 1149 2896 dimissum
1166 2844 1223 2897 est.
1257 2830 1367 2897 renie-

340 2920 418 2985 bant
427 2921 537 2987 decem
546 2922 633 2987 milia
642 2926 794 3007 equitum,
804 2947 862 3009 par
871 2948 1022 2989 numerus
1031 2927 1173 3009 peditum
1183 2937 1214 2990 et
1222 2926 1365 3010 ipsorum

340 3011 540 3097 iungentium
549 3036 677 3083 cursum
691 3019 781 3102 equis
791 3031 823 3084 et
835 3019 971 3083 invicem
986 3020 1207 3103 prolapsorum
1220 3018 1364 3101 equitum

306 3126 458 3174 tvacuos
485 3108 678 3193 capientium
703 3112 745 3176 ad
770 3135 913 3198 pugnam
939 3134 1048 3196 equos.
1102 3114 1135 3177 hi
1161 3114 1246 3199 pacti
1272 3125 1363 3178 erant

340 3221 438 3284 eques
461 3200 559 3267 denos
581 3219 762 3289 praesentes
780 3228 909 3283 aureos,
931 3208 1029 3291 pedes
1048 3199 1174 3291 quinos,
1192 3209 1278 3273 mille
1297 3208 1364 3271 dux

307 3312 461 3361 beorum.
493 3297 691 3364 venientibus
708 3300 758 3363 his
771 3300 910 3364 Perseus
930 3302 970 3365 ab
980 3300 1084 3386 Elpeo
1103 3327 1142 3367 ex
1161 3303 1271 3366 eastris
1289 3323 1365 3386 pro·

339 3386 442 3453 iectus
465 3388 593 3454 obviam
619 3414 692 3456 eum
718 3394 850 3458 dimidia
873 3395 1036 3479 copiarum
1063 3409 1152 3480 parte
1175 3395 1365 3460 denuntiare

338 3503 396 3567 por
412 3483 500 3548 vicos
513 3485 681 3568 urbesque,
699 3509 781 3571 quae
795 3488 866 3554 viae
880 3490 1077 3574 propinquae
1092 3501 1176 3567 sunt,
1194 3489 1307 3575 eoepit,
1327 3500 1365 3553 ut

338 3588 533 3645 commeatus
552 3580 750 3663 expedirent,
768 3582 934 3660 frumeuti,
952 3584 1027 3661 vini,
1046 3607 1198 3669 pecorum
1215 3595 1252 3648 ut
1269 3583 1364 3667 copia

305 3687 319 3734 o
339 3680 431 3736 esset
466 3671 534 3757 ipse
553 3693 651 3755 equos
669 3674 878 3760 phalerasque
896 3688 928 3742 et
946 3680 1058 3763 sagula
1075 3679 1194 3742 donum
1212 3677 1366 3762 principi·

338 3761 398 3828 bus
420 3762 503 3829 ferre
526 3776 558 3829 et
575 3787 707 3850 parvom
728 3769 813 3845 auri,
841 3771 929 3853 quod
950 3770 1032 3833 inter
1052 3793 1172 3854 paucos
1196 3770 1363 3846 divideret,

305 3871 319 3917 t
338 3854 573 3922 multitudinem
583 3859 714 3925 credens
729 3862 809 3925 trahi
819 3885 876 3948 spe
885 3884 988 3946 posse.
1016 3861 1058 3925 ad
1067 3865 1239 3929 Almanam
1248 3865 1364 3928 urbem

338 3948 495 4027 pervenit,
520 3963 552 4017 et
579 3950 613 4015 in
639 3952 708 4038 ripa
729 3953 868 4019 fluminis
891 3953 959 4017 Axi
984 3956 1091 4038 posuit
1118 3970 1231 4022 eastra.
1276 3957 1364 4022 circa

338 4031 547 4107 Desudabam
569 4043 603 4108 in
624 4044 774 4111 Maedica
796 4046 954 4111 exercitus
973 4045 1141 4114 Gallorum
1164 4051 1363 4129 consederat,

304 4145 320 4194 s
338 4129 515 4198 mercedem
533 4148 660 4220 pactam
678 4139 855 4223 opperiens.
902 4160 940 4203 eo
962 4141 1059 4207 mittit
1077 4145 1293 4229 Antigonum,
1320 4168 1362 4211 ex

337 4224 519 4308 purpuratis
537 4249 647 4307 unum,
665 4232 719 4315 qui
737 4231 862 4297 iuberet
878 4233 1114 4303 multitudinem
1133 4237 1301 4304 Gallorum
1319 4240 1363 4304 ad
