3384 4975
462 564 581 621 mama
597 562 754 632 xxxxv,
774 563 816 617 16.
827 563 869 617 17.
890 534 1131 632 [comanti
1241 547 1306 616 165

275 723 412 792 Neronis
429 721 549 799 Sicilia,
568 718 629 786 Cn.
643 719 741 784 Fulvi
753 718 913 805 Hispania
931 718 1067 797 citerior,
1087 716 1245 809 [ulterior]
1264 717 1304 787 C.

275 818 382 885 Licini
399 817 536 883 Nervae.
563 815 607 879 A.
621 814 747 879 Manlio
764 813 930 897 Torquato
949 811 1098 878 Sardinia
1116 816 1302 894 obvenerat3
1321 837 1341 885 4

276 912 399 998 nequiit
416 911 462 976 ire
479 911 513 974 in
531 907 737 995 provinciam,
756 908 866 973 adres
885 905 1029 994 capitalis
1048 909 1245 992 quaerendas
1263 932 1304 976 ex

276 1017 405 1072 senatus
424 1003 568 1069 consulto
586 1013 739 1068 retentus.
805 998 808 1005 ’

340 1099 394 1164 De
416 1097 570 1183 prodigiis
594 1095 709 1161 deinde
733 1090 887 1160 nuntiatis
911 1094 1039 1160 senatus
1058 1105 1107 1161 est
1130 1097 1339 1166 consultus.5

277 1193 372 1259 aedes
390 1192 487 1257 dedm
503 1191 668 1275 penatium
690 1190 724 1254 in
741 1189 837 1257 Velia
855 1190 895 1254 de
914 1190 1002 1255 caelo
1020 1201 1106 1256 tacta
1123 1203 1205 1267 erat,
1224 1202 1255 1256 et
1271 1191 1306 1257 in

275 1286 393 1372 oppido
411 1285 574 1376 Minervio
593 1283 675 1350 duae
692 1294 803 1370 portas
822 1294 855 1348 et
876 1283 960 1348 muri
978 1283 1186 1368 aliquantum.
1214 1285 1306 1350 Ana·

274 1381 369 1466 gniae
392 1391 476 1445 terra
498 1380 624 1466 pluerat
646 1390 678 1446 et
695 1378 825 1444 Lanuvi
848 1378 904 1443 fax
927 1379 962 1442 in
985 1379 1073 1444 caelo
1091 1380 1160 1445 visa
1184 1391 1252 1445 erat
1273 1390 1306 1446 et

277 1472 421 1540 Calatiae
439 1476 473 1539 in
490 1474 620 1560 publico
639 1496 717 1560 agro
725 1474 775 1539 M.
784 1473 934 1540 Valerius
953 1472 1031 1538 civis
1045 1473 1210 1540 Romanus
1223 1497 1306 1540 nun-

276 1570 391 1645 tiabat,
420 1592 458 1634 ex
478 1569 550 1635 foco
569 1591 626 1634 suo
646 1568 835 1655 sanguinem
857 1590 915 1654 per
937 1567 1078 1632 triduum
1096 1580 1128 1634 et
1151 1570 1230 1635 duas
1247 1593 1324 1662 no3

276 1675 341 1728 ctes
359 1685 515 1729 manasse.
546 1664 589 1727 ob
607 1662 641 1727 id
657 1663 796 1730 maxime
816 1661 988 1728 decemviri
1005 1659 1103 1728 libros
1121 1663 1209 1729 adire
1226 1663 1304 1730 iussi
1322 1681 1338 1728 6

275 1757 539 1843 supplicationem
556 1758 590 1822 in
604 1758 689 1823 diem
707 1777 808 1823 unum
825 1753 946 1843 populo
965 1757 1143 1834 edixerunt,
1162 1769 1194 1824 et
1212 1759 1305 1844 quin-

276 1851 429 1936 quaginta
455 1852 558 1937 capris
584 1853 618 1916 in
644 1852 714 1916 foro
741 1852 969 1932 sacrificarunt.
1015 1862 1045 1917 et
1072 1853 1207 1918 aliomm
1232 1876 1306 1940 pro·

276 1944 434 2030 digiorum
462 1965 559 2009 causa
586 1946 670 2010 diem
702 1946 838 2012 alterum
871 1945 1060 2031 supplicatio
1090 1948 1174 2012 circa
1200 1947 1307 2013 omnia

275 2037 454 2122 pulvinaria
471 2036 532 2101 fuit
546 2048 578 2101 et
595 2036 694 2102 hostis
706 2038 881 2103 maioribus
895 2038 1108 2103 sacrificatum
1123 2049 1170 2104 est
1184 2050 1216 2105 et
1229 2041 1305 2104 urbs

275 2133 418 2196 lustrata.
454 2132 531 2195 item
549 2132 636 2214 quod
654 2132 696 2197 ad
712 2131 868 2197 honorem
886 2132 982 2196 desim
999 2131 1216 2196 inmortalium
1233 2157 1305 2217 per·
1324 2153 1339 2199 7

275 2226 390 2291 tineret
410 2226 550 2291 decrevit
568 2237 712 2303 senatus,
735 2236 771 2290 ut
788 2225 940 2309 quoniam
957 2226 1136 2311 perduelles
1155 2227 1306 2311 superati,

274 2320 413 2384 Perseus
432 2330 464 2385 et
482 2317 621 2385 Gentius
643 2342 736 2406 reges
755 2318 829 2384 bum
846 2317 1041 2384 Macedonia
1063 2331 1159 2404 atque
1177 2319 1306 2406 Illyrico

273 2413 308 2476 in
330 2424 487 2498 potestate
509 2414 620 2500 populi
637 2412 775 2479 Romani
798 2424 917 2492 essent,
944 2425 980 2479 ut
1002 2425 1121 2500 quanta
1140 2413 1223 2479 dona
1239 2413 1305 2501 Ap.
1325 2433 1341 2481 8

277 2505 424 2584 Claudio,
443 2506 524 2593 [M]
541 2508 731 2594 Sempronio
750 2508 933 2579 consulibus
952 2510 994 2573 ob
1012 2509 1173 2575 devictum
1191 2509 1307 2573 Antio-

275 2602 371 2667 chum
393 2625 504 2688 regem
526 2604 601 2667 data
624 2604 666 2667 ad
684 2603 789 2667 omnia
811 2603 990 2688 pulvinaria
1013 2614 1133 2680 essent,
1157 2614 1246 2667 tanta
1264 2601 1306 2683 Q.

277 2696 409 2762 Cassius
428 2709 460 2761 et
477 2697 536 2761 Μ’.
554 2698 722 2762 Iuventius
740 2708 903 2783 praetores
922 2707 1069 2764 curarent
1088 2696 1203 2762 danda.

337 2791 453 2857 XVII.
477 2790 621 2877 Legatos
640 2792 765 2869 deinde,
784 2814 922 2876 quorum
937 2790 977 2857 de
997 2792 1153 2857 sententia
1170 2792 1307 2877 impera·
1326 2810 1340 2857 1

276 2898 360 2952 tores
374 2886 415 2951 L.
426 2887 560 2965 Paulus,
578 2886 620 2951 L.
630 2886 767 2952 Anicius
786 2898 1001 2971 conponerent
1018 2910 1080 2964 res,
1099 2885 1308 2953 decreverunt

277 2980 388 3047 decem
409 2981 443 3046 in
460 2981 703 3060 Macedoniam,
727 2982 869 3068 quinque
888 2979 952 3067 [in]
971 2981 1147 3068 Illyricum.
1181 2981 1216 3046 in
1232 2982 1341 3047 Mat-2

275 3076 441 3140 cedoniam
469 3077 650 3142 consulares
683 3087 833 3162 quattuor
855 3075 1022 3153 nominati,
1051 3076 1094 3141 A.
1120 3075 1308 3141 Postumius

274 3170 413 3245 Luscus,
433 3168 471 3236 C.
484 3170 651 3249 Claudius,
672 3172 767 3236 ambo
785 3170 831 3235 illi
850 3171 994 3248 censorii,
1014 3168 1086 3257 [..]
1107 3168 1146 3236 C.
1161 3170 1308 3236 Licinius

277 3261 424 3339 Crassus,
439 3266 561 3352 collega
575 3267 609 3331 in
618 3266 785 3332 consulatu
794 3265 900 3344 Pauli,
911 3277 979 3329 tum
992 3276 1164 3351 prorogato
1173 3266 1308 3350 imperio

275 3356 472 3442 provinciam
495 3358 636 3426 Galliam
658 3361 808 3426 habebat.
858 3362 886 3423 is
910 3358 1131 3424 consularibus
1154 3360 1305 3425 addidere
1324 3377 1340 3424 3

277 3448 339 3513 Cn.
348 3450 528 3518 Domitium
541 3456 805 3533 Ahenobarbum,
825 3454 896 3521 Ser.
913 3451 1098 3518 Cornelium
1113 3451 1247 3528 Sullam,
1265 3454 1307 3517 L.

277 3543 417 3622 Iunium,
432 3546 471 3609 Τ.
482 3548 665 3614 Numisium
678 3550 956 3635 Tarquiniensem,
970 3548 1013 3613 A.
1024 3547 1211 3612 Terentium
1224 3547 1309 3613 Var-

277 3659 402 3713 ronem,
427 3636 483 3724 [C.
502 3641 679 3706 Antistium
701 3642 916 3730 Labeonem]
960 3643 995 3707 in
1012 3641 1178 3727 Illyricum
1201 3652 1308 3705 autem
1326 3658 1343 3707 4

276 3731 311 3797 hi
329 3732 494 3811 nominati,
511 3734 551 3799 P.
570 3735 684 3801 Aelius
701 3737 806 3824 Ligus
825 3738 1015 3815 consularis,
1036 3735 1075 3802 C.
1095 3733 1258 3800 Cicereius
1278 3745 1310 3799 et

278 3824 340 3891 Cn.
363 3826 506 3892 Baebius
530 3828 719 3914 Tamphilus
738 3868 785 3886 .-
806 3832 859 3898 hic
885 3833 990 3918 priore
1017 3853 1116 3907 anno,
1145 3826 1309 3894 Cicereius

277 3920 385 3985 multis
404 3933 477 3987 ante
496 3921 586 3987 andis
603 3935 731 4008 praetor
748 3924 856 3991 fuerat
872 3961 930 4004 -,
948 3925 988 3991 Ρ.
1007 3925 1176 3991 Terentius
1195 3922 1310 3988 Tusci-

255 4058 259 4081 t
277 4015 420 4093 vicanus,
437 4016 477 4084 P.
492 4017 657 4107 Manilius.
684 4019 797 4084 moniti
819 4019 933 4085 deinde
951 4023 1097 4085 consules
1117 4043 1136 4083 a
1153 4017 1308 4104 patribus,
1327 4035 1343 4083 5

277 4121 326 4187 ut,
353 4112 505 4196 quoniam
531 4115 665 4180 alterum
693 4138 733 4180 ex
758 4114 809 4179 his
835 4114 1007 4178 succedere
1024 4113 1064 4177 1..
1083 4113 1227 4191 Licinio,
1254 4111 1310 4195 qui

277 4202 403 4292 legatus
434 4210 615 4275 nominatus
643 4220 732 4287 erat,
765 4211 800 4275 in
828 4207 970 4275 Galliam
997 4218 1172 4292 oporteret,
1207 4208 1309 4294 primo

280 4298 437 4390 [quoque]
453 4316 594 4392 tempore
612 4306 793 4393 provincias
808 4314 864 4373 aut
877 4313 1086 4390 conpararent
1102 4302 1187 4370 inter
1205 4324 1238 4369 se
1255 4310 1309 4366 aut
