3384 4975
314 546 318 552 ⁴
430 513 493 578 192
635 521 753 578 LIBER
768 519 924 588 XXXXV‚
943 518 986 572 41.
1001 519 1043 573 42.
1063 522 1140 585 [au.
1152 519 1248 588 acci]

425 684 463 748 in
480 632 669 768 potestatem
686 678 796 763 populi
812 676 952 742 Romani
972 675 1083 761 redegi
1100 686 1132 741 ot
1154 676 1240 759 quod
1257 677 1378 742 bellum
1398 701 1458 764 per

430 773 675 859 quadriennium
696 780 846 854 quattuor
868 780 942 835 ante
965 793 1016 836 me
1039 769 1184 834 eonsules
1211 771 1256 834 ita
1276 785 1457 855 gesserunt,

427 880 465 933 ut
482 890 608 952 semper
622 864 798 931 successori
812 864 973 929 traderent
990 863 1130 950 gravius,
1148 863 1182 926 id
1196 885 1256 948 ego
1271 864 1458 946 quindecim

392 987 411 1033 a
430 962 542 1027 diebus
560 960 690 1048 perfeci.
726 959 860 1024 aliarum
878 958 993 1024 deinde
1012 959 1224 1023 secundarum
1241 983 1349 1025 rerum
1366 963 1457 1028 velut

428 1066 600 1142 proventus
625 1063 767 1118 secutus:
791 1052 935 1116 civitates
954 1073 1062 1116 omnes
1079 1053 1291 1117 Macedoniae
1313 1077 1348 1118 se
1366 1056 1457 1121 dedi-

428 1150 558 1225 derunt3
576 1170 659 1232 gaza
676 1146 766 1231 regia
782 1146 817 1210 in
833 1156 1023 1230 potestatem
1041 1145 1126 1209 venit
1132 1171 1141 1223 3
1166 1169 1223 1210 rex
1240 1147 1309 1231 ipse
1327 1149 1456 1214 traden-

428 1244 514 1308 tibus
530 1263 630 1328 prope
647 1240 724 1325 ipsis
743 1241 791 1304 dis
808 1240 843 1303 in
861 1239 978 1324 templo
994 1238 1238 1304 Samothracum
1256 1262 1328 1305 eum
1345 1242 1456 1307 liberis

429 1347 478 1401 est
500 1346 622 1421 captus.
667 1334 745 1397 mihi
767 1354 896 1416 quoque
919 1333 981 1417 ipsi
1002 1332 1100 1395 nimia
1121 1333 1186 1396 iam
1208 1333 1336 1400 fortuna
1353 1336 1457 1401 videri

395 1456 409 1502 7
429 1452 530 1514 eoque
548 1438 696 1514 suspecta
710 1451 789 1493 esse.
816 1427 913 1492 maris
930 1428 1071 1512 pericula
1083 1427 1194 1493 timere
1212 1430 1302 1514 coepi
1319 1430 1353 1494 in
1366 1442 1457 1496 tanta

428 1525 565 1612 pecunia
590 1523 680 1608 regia
704 1523 738 1586 in
760 1522 887 1586 Italiam
912 1522 1085 1586 traicienda
1107 1533 1138 1587 et
1167 1523 1286 1588 victore
1313 1527 1457 1591 exercitu

392 1641 411 1689 8
432 1617 684 1703 transportando.
719 1626 889 1701 postquam
911 1616 1018 1679 omnia
1041 1616 1180 1680 secundo
1204 1618 1335 1681 navium
1359 1641 1455 1684 cursu

427 1715 462 1778 in
479 1713 606 1778 Italiam
626 1719 841 1796 pervenerunt
864 1731 968 1799 neque
990 1720 1058 1774 erat
1080 1712 1166 1794 quod
1189 1713 1272 1775 ultra
1297 1735 1455 1796 precarer,

428 1806 508 1870 illud
526 1805 649 1891 optavi,
672 1815 709 1868 ut
727 1826 801 1868 oum
822 1827 864 1868 ex
880 1826 1005 1869 summo
1023 1815 1107 1869 retro
1126 1805 1212 1869 volvi
1233 1805 1362 1870 fortuna
1380 1829 1456 1871 oon-

330 1921 333 1925 ’
429 1912 565 1977 suesset,
591 1899 800 1963 mutationem
823 1899 891 1963 eius
914 1899 1027 1962 domus
1050 1922 1122 1963 mea
1148 1899 1252 1984 potius
1280 1921 1378 1983 quarn
1403 1924 1455 1966 res

395 2015 410 2062 9
429 1996 558 2080 publiea
574 1995 713 2060 sentiret.
749 1995 858 2078 itaque
876 1994 1060 2058 defunctam
1083 2017 1152 2058 esse
1169 1995 1331 2058 fortunam
1349 1996 1456 2080 publi-

430 2111 499 2153 cam
516 2112 589 2154 mea
612 2099 677 2152 tam
698 2088 816 2173 insigni
839 2089 1018 2153 calamitate
1041 2110 1148 2172 spero,
1170 2089 1257 2171 quod
1275 2089 1455 2173 triumphus

428 2205 533 2258 meus,
560 2184 649 2247 velut
667 2182 709 2246 ad
731 2182 906 2246 ludibrium
926 2204 1058 2245 casuum
1075 2183 1301 2259 humanorum,
1328 2183 1454 2246 duobus

379 2296 411 2342 10
429 2275 594 2339 funeribus
611 2276 782 2340 liberorum
796 2298 941 2339 meorum
954 2286 1001 2339 est
1019 2276 1233 2360 interpositus.
1259 2287 1376 2339 etcum
1390 2298 1453 2359 ego

430 2380 460 2434 et
478 2369 616 2433 Perseus
634 2393 719 2433 nuno
737 2370 856 2433 nobilia
873 2369 1012 2433 maxime
1031 2370 1122 2433 sortis
1149 2369 1325 2434 mortali-um
1343 2392 1455 2432 exem-

428 2464 483 2547 pla
500 2473 692 2547 spectemur,
716 2463 783 2539 ifle,
807 2462 863 2547 qui
887 2473 960 2528 ante
978 2485 1012 2528 se
1031 2465 1173 2550 captivos
1193 2455 1365 2550 [captivus]
1385 2463 1454 2548 ipse

379 2577 410 2625 11
430 2556 504 2621 duci
521 2557 637 2621 liberos
656 2557 749 2633 vidit,
771 2558 946 2623 incolumes
969 2570 1076 2622 tamen
1094 2581 1148 2624 eos
1166 2559 1276 2632 habet,
1300 2579 1375 2642 ego,
1399 2557 1454 2640 qui

429 2652 468 2716 de
485 2651 540 2715 illo
558 2651 765 2736 triumphavi,
783 2652 825 2715 ab
843 2652 972 2716 alterius
991 2653 1104 2717 funere
1121 2653 1166 2717 fili
1184 2676 1311 2717 currum
1332 2652 1453 2736 [escen-

429 2749 522 2825 dens‚
542 2746 688 2833 domum]
708 2772 748 2812 ex
763 2746 922 2834 Capitolio
943 2747 1069 2834 [altero]
1091 2771 1188 2834 prope
1206 2750 1271 2813 iam
1290 2749 1454 2833 expirante

429 2843 617 2925 veni‚neque
631 2868 671 2907 ex
686 2853 773 2906 tanta
788 2844 884 2928 stirpe
898 2844 1033 2907 liberum
1048 2855 1190 2927 superest
1209 2844 1264 2926 qui
1273 2844 1314 2906 L.
1324 2842 1455 2907 Aemilii

380 2953 411 2999 12
429 2936 525 2999 Pauli
541 2959 659 3000 nomen
676 2937 768 3000 ferat.
803 2937 885 3000 duos
903 2938 988 3001 enim
1005 2947 1167 3021 tamquam
1187 2962 1226 3002 ex
1246 2962 1365 3023 magna
1382 2959 1454 3021 pro·

430 3028 523 3111 genie
544 3029 716 3093 liberorum
738 3030 771 3092 in
794 3030 997 3114 adoptionem
1021 3032 1111 3095 datos
1130 3029 1279 3097 Cornelia
1302 3043 1333 3095 et
1351 3030 1455 3094 Fabia

429 3144 509 3205 gens
531 3121 665 3198 habent,
683 3122 778 3187 Pauli
799 3124 832 3187 in
852 3124 945 3188 domo
963 3136 1090 3210 praeter
1108 3149 1217 3190 senem
1234 3149 1327 3190 nemo
1343 3148 1455 3209 super-

430 3223 487 3277 est.
521 3215 578 3277 sed
596 3214 678 3279 hano
697 3217 820 3282 cladem
839 3218 951 3282 domus
969 3242 1059 3284 meae
1077 3232 1183 3285 vestra
1200 3221 1334 3284 felicitas
1355 3232 1387 3283 et
1405 3241 1454 3282 se-

431 3307 535 3372 cunda
552 3308 679 3373 fortuna
701 3312 830 3395 publica
847 3312 1047 3377 consolatur.'

398 3421 411 3467 1
494 3400 687 3489 XXXXII.
716 3405 808 3469 Haec
826 3415 913 3468 tanto
933 3406 1018 3470 dicta
1036 3407 1140 3470 animo
1158 3406 1261 3492 magis
1280 3405 1455 3469 confudere

431 3496 626 3561 audientium
645 3499 766 3562 animos
785 3522 882 3583 quam
900 3500 927 3564 si
944 3501 1163 3566 miserabiliter
1181 3500 1349 3564 orbitatem
1364 3521 1455 3562 suam

430 3591 576 3655 deflendo
594 3593 719 3657 locutus
738 3603 830 3657 esset.

397 3702 412 3748 2
496 3681 557 3747 Cn.
577 3682 734 3750 Octavius
757 3685 902 3751 kalendis
920 3686 1155 3753 Decembribus
1178 3687 1217 3752 de
1240 3710 1315 3771 rege
1333 3685 1454 3751 Perseo

430 3777 576 3841 navalem
595 3778 790 3863 triumphum
808 3781 883 3864 egit.
910 3781 937 3844 is
956 3780 1135 3864 triumphus
1150 3783 1217 3845 sine
1232 3780 1365 3863 captivis
1384 3777 1454 3853 fuit,

395 3890 413 3935 a
432 3872 499 3935 sine
518 3871 637 3956 spoliis.
683 3872 770 3935 dedit
789 3874 882 3937 sociis
900 3875 1068 3937 navalibus
1090 3874 1124 3939 in
1147 3875 1288 3961 singulos
1307 3873 1454 3936 denarios

432 3976 643 4050 septuagenos
662 3967 789 4050 quinos,
807 3967 1089 4052 gubernatoribus,
1108 3971 1163 4051 qui
1181 3971 1213 4033 in
1230 3968 1367 4032 navibus
1385 3966 1457 4030 fue-

430 4066 512 4131 rant,
530 4059 660 4144 duplex,
677 4060 838 4145 magistris
856 4062 986 4125 navium
1004 4063 1212 4147 quadruplex.

396 4168 414 4213 4
496 4145 634 4216 Senatus
658 4154 772 4219 deinde
795 4154 922 4220 habitus
945 4164 1002 4219 est.
1051 4167 1158 4240 patres
1186 4165 1393 4230 consuerunt,
1421 4163 1459 4217 ut

434 4239 476 4323 Q.
495 4237 627 4308 Cassius
644 4246 765 4313 Persea
780 4270 891 4333 regem
909 4270 983 4313 oum
1000 4249 1185 4315 Alexandro
1203 4252 1268 4314 filio
1283 4250 1405 4313 Albam
1423 4248 1457 4311 in
