3384 4975
503 477 620 612 Lapara
637 523 1118 594 xxxxm1,15.1s.[a.o.1aa]
1262 512 1322 578 121
1437 536 1440 544 ·

366 688 445 754 XV.
473 684 629 751 Claudius
654 682 733 747 nihil
763 704 950 766 responsum
976 697 1085 746 auctor
1111 693 1172 747 est:
1199 694 1357 754 tantuml

302 793 430 847 senatus
448 781 626 845 consultum
643 777 825 852 recitatum,
842 797 906 859 quo
916 773 1016 844 Caras
1031 776 1189 862 etLycios
1206 779 1322 844 liberos

302 899 371 942 esse
397 874 521 939 iuberet
545 871 683 956 populus
701 871 866 934 Romanus
892 869 1075 954 litterasque
1102 873 1259 957 extemplo
1281 874 1323 938 ad

301 982 470 1050 utramque
492 978 620 1050 gentem
643 986 668 1026 s.
692 985 718 1027 c.
742 964 916 1028 indicatum
941 963 1037 1039 mitti,
1065 985 1129 1049 qua
1155 966 1263 1030 audita
1288 989 1357 1035 rea

301 1062 477 1147 principem
503 1058 684 1143 legationis,
711 1058 801 1121 euius
830 1057 1133 1142 magniloquentiam
1159 1059 1214 1122 vix
1236 1060 1323 1124 curia

300 1157 397 1240 paulo
422 1164 494 1218 ante
516 1161 656 1237 ceperat,
683 1152 848 1216 corruisse.
894 1152 947 1215 alii
969 1174 1156 1236 responsum
1175 1175 1244 1218 esse
1260 1164 1323 1217 tra-
1342 1178 1358 1222 3

301 1250 389 1325 dunt,
404 1249 558 1332 populum
567 1246 748 1310 Romanum
758 1256 789 1310 et
802 1245 957 1330 principio
968 1246 1035 1310 eius
1049 1245 1125 1310 belli
1138 1246 1224 1311 haud
1233 1246 1322 1311 vanis

301 1343 483 1408 auctoribus
497 1352 683 1425 conpertum
701 1339 860 1417 habuisse,
875 1339 1017 1404 Rhodios
1031 1362 1104 1404 cum
1113 1339 1232 1405 Perseo
1246 1363 1323 1426 rege

300 1438 451 1502 adversus
473 1458 542 1500 rem
564 1434 726 1520 publicam
749 1456 840 1498 suam
863 1434 987 1498 occulta
1009 1434 1139 1499 consilia
1161 1435 1257 1500 inisse
1280 1448 1321 1512 et,
1340 1459 1358 1505 4

300 1532 326 1594 si
344 1530 377 1593 id
396 1539 468 1593 ante
486 1529 619 1592 dubium
632 1528 754 1604 fuisset,
772 1528 952 1612 legatorum
969 1528 1064 1612 paulo
1079 1539 1151 1593 ante
1169 1529 1267 1593 verba
1281 1530 1323 1594 ad

300 1635 420 1689 certum
434 1623 593 1708 redegisse
608 1634 640 1688 et
656 1623 843 1707 plerumque
857 1623 959 1707 ipsam
974 1644 1008 1687 se
1025 1622 1181 1700 fraudem,
1199 1625 1323 1689 etiamsi

297 1718 386 1782 initio
405 1717 527 1782 cautior
543 1717 648 1792 fuerit,
667 1717 831 1801 detegere:
849 1716 991 1782 Rhodios
1009 1738 1094 1781 nunc
1112 1727 1178 1781 toto
1196 1717 1230 1782 in
1243 1719 1320 1782 orbe
1338 1739 1354 1783 a

297 1825 451 1875 terrarum
470 1811 600 1875 arbitria
622 1811 698 1876 belli
714 1811 866 1897 pacisque
885 1834 995 1896 agere,
1023 1811 1221 1876 Rhodiorum
1239 1823 1320 1877 nutu

298 1928 386 1969 arma
412 1915 592 1988 sumpturos
619 1906 841 1989 positurosque
864 1905 1025 1969 Romanos
1048 1929 1126 1971 esse.
1170 1907 1235 1971 iam
1256 1929 1320 1971 non

299 1999 381 2062 deos
393 1999 559 2062 foederum
576 1998 675 2074 testis,
693 1999 750 2063 sed
767 1998 911 2063 Rhodios
928 1998 1101 2063 habituros.
1146 2000 1231 2064 itane
1249 2014 1319 2067 tan·
1338 2021 1354 2068 o

299 2093 390 2157 dem?
408 2090 472 2178 [ni]
490 2096 517 2155 is
534 2105 683 2176 pareatur
701 2093 921 2174 exercitusque
939 2092 978 2157 de
996 2092 1189 2157 Macedonia
1208 2094 1322 2177 depor-

298 2199 412 2262 tentur,
431 2188 555 2250 visuros
573 2209 653 2262 esse,
672 2186 828 2269 quidsibi
845 2186 1028 2249 faciendum
1046 2186 1105 2249 sit?
1123 2187 1201 2268 quid
1214 2187 1321 2252 Rhodi

297 2282 395 2344 visuri
414 2282 486 2358 sint,
504 2281 591 2366 ipsos
609 2281 699 2345 scire.
726 2281 879 2365 populum
897 2291 982 2345 certe
995 2279 1177 2345 Romanum
1195 2281 1320 2346 deviato
1340 2301 1354 2347 t

298 2375 430 2450 Perseo,
454 2375 540 2457 quod
557 2397 657 2459 prope
675 2374 759 2439 diem
778 2385 904 2460 sperent
922 2373 1005 2451 fore,
1029 2375 1170 2439 visurum
1177 2403 1190 2453 ,·
1208 2387 1245 2439 ut
1261 2396 1320 2460 pro

296 2469 416 2532 meritis
435 2470 587 2552 cuiusque
605 2468 639 2532 in
657 2492 695 2534 eo
713 2469 795 2534 bello
814 2468 949 2534 civitatis
967 2469 1103 2554 gratiam
1122 2469 1252 2555 dignam
1271 2492 1320 2533 re-

297 2564 388 2627 ferat.
432 2587 547 2628 munus
574 2575 681 2627 tamen
706 2565 819 2649 legatis
844 2565 879 2628 in
901 2565 1043 2650 singulos
1064 2565 1176 2629 bindm
1197 2564 1354 2630 milium8

297 2658 378 2721 aeris
397 2658 529 2721 missum
547 2668 605 2733 est,
623 2657 709 2740 quod
726 2658 748 2720 ii
765 2680 830 2720 non
848 2669 1047 2742 acceperunt.

360 2750 457 2814 XVI.
481 2751 623 2815 Litterae
637 2751 751 2816 deinde
765 2751 914 2815 recitatae
924 2750 965 2831 Q.
975 2751 1081 2815 Marci
1090 2752 1226 2816 consulis
1236 2761 1319 2826 sunt,
1339 2770 1352 2815 1

296 2846 566 2927 quemadmodum
584 2845 666 2909 saltu
684 2856 833 2930 superato
851 2844 885 2907 in
899 2844 1124 2909 Macedoniam
1141 2846 1318 2913 transisset:

296 2940 341 3002 ibi
367 2951 465 3004 etex
490 2940 559 3004 aliis
585 2939 663 3003 locis
691 2949 886 3004 commeatus
911 2951 1095 3024 prospectos
1122 2940 1156 3003 in
1182 2940 1353 3006 hiemema

296 3033 413 3099 habere
431 3046 463 3099 et
480 3036 521 3098 ab
536 3033 676 3118 Epirotis
694 3035 807 3120 viginti
823 3034 911 3098 milia
928 3034 1069 3099 modiiim
1086 3034 1190 3111 tritici,
1209 3035 1320 3099 decem

296 3126 407 3190 hordei
432 3129 619 3212 sumpsisse,
646 3140 683 3192 ut
707 3152 765 3214 pro
790 3150 827 3193 eo
855 3128 1013 3193 frumento
1039 3130 1175 3214 pecunia
1196 3130 1319 3194 Romae

295 3222 409 3306 legatis
427 3245 536 3287 eorum
555 3234 727 3288 curaretur.
771 3224 960 3289 vestimenta
981 3223 1133 3288 militibus
1157 3225 1197 3288 ab
1216 3225 1319 3288 Roma
1338 3243 1353 3287 3

295 3317 449 3381 mittenda
468 3340 546 3382 esse.
591 3319 681 3402 equis
700 3317 844 3382 ducentis
863 3318 962 3382 ferme
980 3339 1060 3402 opus
1079 3341 1163 3392 esse,
1182 3317 1318 3380 maxime

296 3410 453 3487 Numidis,
471 3433 531 3474 nec
548 3412 609 3474 sibi
626 3412 660 3474 in
677 3411 726 3474 his
742 3412 820 3475 locis
834 3411 932 3474 ullam
946 3412 1069 3495 copiam
1085 3434 1163 3475 esse.
1192 3422 1320 3473 senatus
1338 3429 1354 3473 4

297 3504 477 3566 consultum
493 3513 530 3566 ut
547 3526 585 3567 ea
602 3504 708 3567 omnia
726 3527 766 3567 ex
784 3504 895 3567 litteris
915 3504 1051 3566 consulis
1069 3504 1181 3568 fierent
1198 3504 1319 3565 factum

297 3604 354 3657 est.
383 3592 421 3656 C.
433 3594 593 3679 Sulpicius
607 3606 733 3679 praetor
747 3620 803 3661 sex
817 3596 905 3658 milia
919 3606 1075 3679 togarum,
1093 3595 1223 3679 triginta
1237 3593 1320 3657 tuni·

297 3710 416 3763 carum,
436 3710 473 3751 co
491 3709 590 3771 equos
608 3690 763 3774 portanda
781 3690 813 3753 in
831 3689 1057 3753 Macedoniam
1074 3689 1318 3773 praebendaque

296 3781 449 3845 arbitratu
467 3783 605 3847 consulis
623 3784 739 3847 locavit
753 3794 785 3847 et
802 3783 915 3868 legatis
929 3783 1134 3869 Epirotarum
1151 3782 1318 3867 pecuniam

294 3898 353 3960 pro
371 3875 530 3942 frumento
549 3878 691 3943 solvit'et
709 3875 901 3943 Onesimum
918 3878 1075 3963 Pythonis
1093 3879 1209 3952 filium,
1227 3877 1317 3940 nobi-

294 3970 358 4034 lem
374 3970 596 4049 Macedonem,
614 3972 648 4035 in
666 3984 811 4036 senatum
828 3972 1011 4036 introduxit.
1043 3973 1070 4036 is
1087 3972 1175 4057 pacis
1194 3993 1317 4056 semper
1335 3991 1351 4038 5

295 4076 406 4129 auctor
422 4066 491 4152 regi
509 4066 622 4144 fuerat,
640 4079 884 4153 monueratque,
903 4069 984 4133 sicut
1001 4080 1091 4153 pater
1108 4068 1175 4132 eius
1193 4066 1316 4152 Philip-

295 4180 354 4243 pus
380 4160 559 4224 inst'itutum
585 4184 687 4244 usque
716 4164 758 4227 ad
782 4164 930 4227 ultimum
952 4162 1036 4226 vitae
1060 4163 1143 4226 diem
1170 4162 1317 4227 servabat

247 4274 251 4278 ·
294 4252 410 4317 cotidie
432 4254 480 4318 bis
502 4254 536 4317 in
558 4255 609 4320 die
631 4254 766 4321 foederis
788 4257 934 4322 iaticum
951 4257 1104 4321 Romanis
1121 4255 1316 4341 perlegendi,
