3384 4975
344 551 388 617 90
560 562 678 618 nmen
694 560 952 629 xxxmae.
972 544 1154 629 [suaset]
1197 594 1211 605 .

311 724 399 809 splo
421 721 577 787 exercitus
599 720 697 797 foret,
721 719 793 804 capi
815 729 919 783 casua
942 717 1112 804 potuerint.
1156 729 1224 782 tum
1241 739 1375 804 quoque

345 819 423 902 fuga
440 816 553 902 iugens
575 815 662 880 facta
678 825 741 890 est3
765 823 906 879 sterant
927 811 983 895 qui
1001 812 1124 897 legatos
1141 811 1315 878 mittendos
1333 815 1375 880 ad

344 932 455 994 pacem
482 908 630 994 precibus
656 907 828 993 petendam
855 917 1035 982 censerent,
1063 904 1272 989 civitatesque
1297 928 1374 972 con-

311 1024 326 1070 3
344 1005 451 1089 plures
469 1025 508 1068 eo
530 1002 641 1066 nuntio
665 1000 773 1066 audito
790 1000 823 1064 in
841 999 1036 1064 deditionem
1053 1011 1217 1064 venerunt.
1253 1000 1373 1083 quibus

343 1097 554 1183 purgantibus
581 1118 650 1161 sese
674 1095 865 1180 culpamque
887 1093 921 1157 in
944 1092 1080 1158 duorum
1102 1093 1274 1157 amentiam
1296 1116 1373 1159 con·

344 1191 533 1266 ferentibus,
552 1189 607 1272 qui
625 1211 659 1253 se
677 1189 761 1253 ultro
778 1189 820 1252 ad
837 1209 973 1272 poenam
991 1187 1052 1272 ipsi
1069 1187 1274 1271 optulissent,
1297 1209 1373 1253 cum

344 1285 471 1350 veniam
484 1283 624 1348 dedisset
641 1293 777 1368 praetor,
795 1281 958 1366 profectus
971 1282 1131 1365 extemplo
1144 1280 1186 1344 ad
1199 1281 1279 1345 alias
1294 1282 1372 1347 ciri·

309 1401 326 1445 4
344 1388 435 1454 tates,
454 1376 602 1441 omnibus
615 1377 773 1461 imperata
789 1375 980 1440 facientibus
993 1375 1101 1458 quieto
1115 1375 1257 1438 exercitu
1274 1397 1372 1461 paea·

344 1483 412 1536 tum
443 1493 572 1556 agrum,
608 1471 664 1553 qui
694 1471 791 1555 paulo
817 1481 891 1536 ante
922 1469 1045 1555 ingenti
1076 1470 1214 1533 tumultu
1240 1482 1371 1546 arserat,

310 1565 535 1652 speragravit.
589 1564 668 1629 haec
693 1564 807 1629 lenitas
833 1565 1003 1650 praetoris,
1029 1584 1094 1645 qua
1120 1563 1187 1627 sine
1214 1563 1371 1648 sanguine

344 1660 572 1726 ferocissimam
586 1669 715 1744 gentem
730 1659 906 1736 domuerat,
925 1679 963 1723 eo
978 1656 1098 1743 gratior
1109 1657 1196 1742 plebi
1209 1657 1371 1742 patribus·

344 1775 407 1836 que
424 1753 495 1830 fuit,
513 1773 577 1837 quo
595 1750 754 1818 cmdelius
768 1754 959 1837 avariusque
972 1753 1006 1817 in
1017 1751 1155 1817 Graecia
1171 1752 1326 1817 bellatum
1339 1762 1371 1815 et

311 1867 326 1913 s
345 1846 386 1910 ab
404 1847 535 1911 consule
552 1845 681 1910 Licinio
702 1846 793 1911 stab
810 1845 963 1912 Lucretio
981 1856 1125 1931 praetore
1144 1857 1219 1910 erat.
1247 1845 1371 1910 Lucre-

344 1940 422 2004 tium
444 1941 564 2005 tribuni
585 1941 687 2026 plebis
711 1941 877 2006 absentem
898 1940 1100 2006 contionibus
1123 1939 1264 2004 adsiduis
1285 1939 1370 2005 lace·

343 2034 472 2112 rabant,
499 2056 572 2100 cum
590 2036 635 2101 rei
657 2036 804 2121 publicae
822 2056 920 2101 causa
937 2037 1049 2100 abesse
1067 2045 1286 2110 excusaretur3
1313 2034 1371 2099 sed

343 2139 412 2192 tum
435 2129 516 2194 adeo
538 2129 644 2194 vicina
666 2130 764 2195 etiam
785 2130 984 2216 inexplorata
1000 2140 1104 2204 eraut,
1130 2139 1167 2192 ut
1188 2127 1215 2192 is
1233 2149 1271 2192 eo
1290 2138 1371 2192 tem-

343 2243 421 2307 pore
446 2223 479 2286 in
502 2244 580 2309 agro
603 2245 662 2288 suo
684 2224 809 2288 Antiati
832 2235 916 2289 esset
942 2243 1122 2307 aquamque
1144 2244 1184 2286 ex
1209 2221 1370 2286 manubiis

311 2339 323 2382 r
343 2316 479 2381 Antium
497 2339 537 2381 ex
561 2317 692 2382 flumine
710 2316 889 2381 Loracinae
908 2317 1046 2381 duceret.
1091 2317 1125 2380 id
1142 2338 1223 2401 opus
1241 2327 1371 2381 eentum

344 2409 473 2496 triginta
485 2410 613 2475 milibus
628 2412 710 2475 aeris
722 2410 845 2476 locasse
859 2411 989 2489 dieitur3
1007 2411 1124 2475 tabulis
1139 2416 1267 2495 quoque
1276 2409 1370 2495 pictis

308 2525 324 2571 s
343 2526 383 2568 ex
400 2504 520 2588 praeda
537 2504 649 2569 fanum
666 2505 842 2591 Aesculapi
860 2506 1035 2570 exornavit.
1070 2505 1223 2569 invidiam
1240 2504 1369 2569 infami-

343 2619 459 2682 amque
472 2598 513 2663 ab
523 2598 675 2664 Lucretio
689 2609 873 2665 averterunt
886 2599 920 2663 in
929 2600 1138 2664 Hortensium
1154 2621 1370 2663 successorem

343 2693 410 2756 eius
428 2693 605 2759 Abderitae
626 2694 739 2780 legati,
762 2695 873 2759 flentes
896 2705 971 2759 ante
989 2694 1108 2758 curiam
1126 2704 1370 2775 querentesque,

343 2787 496 2871 oppidum
523 2810 617 2852 suum
645 2789 687 2853 ab
704 2789 879 2853 Hortensio
906 2800 1123 2872 expugnatum
1145 2808 1183 2850 au
1210 2786 1370 2871 direptum

309 2898 323 2944 9
343 2899 425 2943 esse:
445 2900 575 2944 causam
592 2881 707 2945 excidii
724 2882 823 2946 fuisse
841 2882 924 2958 urbi,
942 2882 1028 2965 quod
1046 2903 1119 2945 cum
1137 2891 1265 2945 centum
1282 2879 1371 2942 milia

343 2972 508 3036 denarium
523 2984 555 3037 et
572 2975 667 3039 tritioi
681 2976 915 3061 quinquaginta
929 2976 1017 3041 milia
1029 2976 1171 3040 modium
1188 2976 1370 3061 imperaret,

343 3066 481 3150 spatium
495 3066 652 3150 petierint,
672 3090 736 3152 quo
754 3072 795 3135 de
813 3094 852 3135 ea
868 3082 948 3135 rect
966 3071 1007 3135 ad
1016 3070 1191 3135 Hostilium
1205 3069 1370 3133 consulem

294 3178 326 3224 10
344 3169 375 3224 et
393 3159 529 3223 Romam
555 3161 717 3228 mitterent
741 3164 874 3249 legatos.
919 3165 1051 3228 vixdum
1078 3164 1119 3227 ad
1145 3164 1308 3228 consulem
1336 3184 1370 3225 se

342 3253 539 3336 pervenisse,
568 3265 601 3319 et
624 3256 750 3321 audisse
772 3257 927 3343 oppidum
948 3268 1182 3343 expugnatum,
1208 3254 1369 3340 principes

293 3364 322 3410 11
343 3346 446 3410 securi
463 3368 641 3432 percussos,
659 3351 719 3414 sub
738 3372 855 3416 corona
873 3362 992 3415 ceteros
1010 3351 1144 3414 venisse.
1179 3348 1311 3432 indigna
1330 3370 1370 3411 ea

342 3440 468 3506 senatui
477 3441 556 3519 visa,
567 3442 838 3529 decreveruntque
848 3444 961 3510 eadem
974 3445 1013 3509 de
1022 3444 1196 3517 Abderitis,
1206 3463 1288 3524 quae
1295 3438 1369 3527 [de]

343 3532 518 3601 Coronaeis
541 3538 747 3604 decreverant
769 3540 875 3624 priore
898 3560 996 3616 anno,
1023 3538 1198 3620 eademque
1215 3556 1272 3620 pro
1291 3556 1369 3599 eou-

294 3644 324 3691 12
343 3629 428 3694 tione
447 3628 571 3696 edicere
590 3629 632 3712 Q.
643 3632 811 3697 Maenium
828 3643 1007 3718 praetorem
1024 3632 1194 3696 iusserunt.
1222 3639 1254 3693 et
1270 3627 1370 3714 legati

343 3722 421 3799 duc,
441 3721 480 3788 C.
500 3724 707 3809 Sempronius
726 3726 876 3802 Blaesus,
896 3725 972 3791 Sex.
990 3725 1092 3789 Iulius
1111 3723 1242 3800 Caesar,
1262 3723 1303 3786 ad
1321 3745 1371 3786 re·

295 3832 326 3878 13
345 3817 521 3882 stituendos
538 3819 572 3882 in
589 3818 767 3883 libertatem
784 3818 959 3883 Abderitas
976 3817 1074 3879 missi.
1117 3817 1219 3882 isdem
1237 3816 1372 3880 munda·

343 3919 421 3983 tum,
437 3922 473 3974 ut
482 3921 513 3975 et
523 3911 661 3976 Hostilio
670 3913 793 3977 consuli
802 3922 834 3976 et
842 3909 1015 3975 Hortensio
1025 3912 1163 3993 praetori
1175 3911 1370 3986 nuntiarent,

344 4012 489 4066 senatum
507 4005 672 4070 Abderitis
689 4005 842 4070 iniustum
865 4003 984 4068 bellum
1005 4000 1139 4067 inlatum
1161 4005 1371 4089 conquirique

343 4113 453 4156 omnes
468 4097 523 4176 qui
535 4098 569 4160 in
583 4097 735 4162 servitute
751 4098 815 4162 sint
829 4106 862 4162 et
873 4093 997 4159 restitui
1010 4094 1044 4156 in
1061 4096 1242 4162 libertatem
1255 4121 1370 4165 aecum

343 4207 481 4251 censere.
809 4209 812 4216 ·

311 4304 324 4349 1
408 4279 451 4347 V.
477 4276 602 4344 Eodem
620 4294 762 4366 tempore
780 4284 820 4349 de
839 4280 878 4348 Ο.
899 4278 1027 4357 Cassio,
1050 4282 1107 4365 qui
1128 4284 1239 4349 consul
1261 4284 1369 4369 priore
