3384 4975
396 471 439 538 30
522 532 526 541 x
619 483 737 540 LIBER
753 484 913 555 XXXXII,
932 436 1200 554 2.3.'[a.n.c.581]

362 642 492 712 obibus
514 642 712 708 lucustarum
733 652 919 726 coopertum
942 663 1026 718 esse,
1051 641 1086 706 in
1109 639 1236 707 Gallico
1260 662 1337 727 agro
1362 664 1427 728 qua

395 733 600 803 induceretur
617 747 758 800 aratrum
776 737 837 800 sub
855 735 1063 801 existentibus
1081 735 1184 821 glebis
1202 735 1306 820 pisces
1324 759 1427 802 emer·

362 851 377 899 o
396 831 485 896 sisse.
530 831 572 895 ob
589 830 669 896 haec
690 831 838 916 prodigia
860 831 933 894 libri
950 829 1063 894 fatales
1086 829 1221 914 inspecti
1240 829 1426 916 editumque

396 927 438 990 ab
456 925 643 991 decemviris
662 936 719 1001 est,
737 935 771 988 et
787 923 904 1008 quibus
923 923 982 988 diis
1001 923 1181 1007 quibusque
1199 923 1311 988 hostiis
1329 926 1428 990 sacri-

363 1041 377 1088 7
396 1019 544 1085 licaretur
561 1029 594 1084 et
614 1029 652 1084 ut
674 1019 864 1104 supplicatio
886 1019 1040 1104 prodigiis
1063 1016 1229 1104 expiandis
1252 1018 1343 1084 fieret
1361 1018 1426 1106 [et]

396 1116 511 1191 altera,
537 1135 621 1198 quae
643 1114 749 1199 priore
772 1135 856 1178 anno
878 1112 1069 1178 valetudinis
1095 1113 1207 1198 populi
1229 1134 1328 1178 causa
1350 1125 1428 1180 vota

396 1220 489 1286 esset,
508 1231 547 1273 ea
563 1208 611 1273 uti
629 1205 749 1294 [fieret]
765 1208 927 1291 feriaeque
945 1218 1060 1273 essent.
1087 1207 1197 1292 itaque
1214 1209 1427 1275 sacrificatum

396 1316 458 1379 est,
479 1313 517 1367 ut
538 1303 710 1367 decemviri
727 1303 880 1388 scriptum
899 1300 1076 1368 ediderunt.

363 1417 375 1460 r
438 1397 502 1461 III.
529 1395 655 1462 Eodem
672 1419 756 1461 anno
775 1395 863 1461 aedis
880 1395 1014 1461 Iunonis
1033 1395 1188 1461 Laciniae
1209 1395 1343 1461 detecta.
1381 1395 1425 1479 Q.

395 1491 531 1556 Fulvius
547 1490 685 1556 Flaccus
704 1512 816 1556 censor
833 1490 947 1556 aedem
959 1491 1123 1555 Fortunae
1142 1491 1308 1575 equestris,
1326 1512 1424 1574 quam

395 1585 430 1649 in
451 1585 611 1672 Hispania
632 1599 761 1672 praetor
786 1585 871 1650 bello
895 1583 1087 1650 Celtiberico
1114 1595 1260 1662 voverat,
1287 1584 1426 1650 faciebat

396 1681 491 1744 enixo
513 1678 634 1756 studio,
660 1702 702 1744 ne
723 1681 826 1744 ullum
844 1680 968 1745 Romae
991 1679 1127 1766 amplius
1146 1689 1202 1743 aut
1219 1678 1427 1764 magnificen-

363 1790 378 1836 2
396 1774 460 1837 tius
483 1774 638 1860 templum
660 1786 752 1839 esset.
796 1797 952 1860 magnum
975 1785 1122 1839 ornatum
1141 1774 1171 1838 ei
1194 1774 1313 1858 templo
1336 1783 1425 1837 ratus

396 1868 608 1946 adiecturum,
632 1870 659 1933 si
684 1869 813 1954 tegulae
839 1891 1036 1934 marmoreae
1059 1879 1179 1946 essent,
1206 1867 1366 1954 profectus
1391 1868 1425 1931 in

395 1963 528 2028 Brittios
546 1963 658 2029 aedem
671 1964 804 2028 Iunonis
817 1963 973 2028 Laciniae
991 1963 1032 2028 ad
1050 1973 1175 2048 partem
1189 1961 1352 2026 dimidiam
1370 1961 1427 2026 de·

395 2058 489 2143 tegit,
507 2058 540 2122 id
558 2059 634 2123 satis
652 2059 721 2122 fore
738 2068 826 2122 ratus
844 2057 887 2121 ad
903 2057 1079 2144 tegendum
1094 2057 1181 2140 quod
1196 2055 1425 2121 aedificaretur.
1467 2135 1472 2149 Ι

362 2166 493 2217 enaves
512 2163 643 2238 paratae
660 2152 804 2228 fuerunt,
827 2173 911 2235 quae
933 2153 1080 2216 tollerent
1097 2161 1194 2234 atque
1218 2159 1426 2237 asportarent,

350 2280 353 2285 ·
396 2247 583 2312 auctoritate
601 2247 744 2312 censoria
761 2246 855 2310 sociis
874 2245 1032 2311 deterritis
1049 2246 1083 2310 id
1101 2245 1302 2330 sacrilegium
1318 2244 1427 2330 prohi-

362 2357 379 2403 4
396 2340 482 2405 bere.
508 2352 681 2426 postquam
699 2362 812 2406 censor
828 2341 932 2416 rediit,
950 2341 1079 2427 tegulae
1097 2338 1260 2426 expositae
1279 2339 1320 2405 de
1337 2339 1427 2403 navi-

396 2433 457 2499 bus
479 2435 521 2499 ad
546 2436 701 2522 templum
723 2436 942 2523 portabantur.
992 2455 1188 2519 quamquam
1210 2433 1296 2499 unde
1320 2443 1425 2499 essent

363 2546 377 2593 5
397 2528 563 2607 silebatur,
589 2541 784 2596 nontamen
811 2531 908 2596 celari
933 2531 1047 2615 potuit.
1100 2529 1246 2595 fremitus
1268 2528 1368 2616 igitur
1393 2529 1426 2595 in

396 2624 581 2690 curiaortus
592 2637 655 2703 est3
674 2649 714 2691 ex
728 2625 876 2690 omnibus
890 2625 1034 2712 partibus
1047 2624 1280 2710 postulabatur,
1299 2634 1336 2688 ut
1350 2645 1426 2689 corr-

396 2719 480 2784 sules
498 2741 570 2785 eam
587 2743 656 2785 rem
674 2721 716 2785 ad
734 2731 880 2786 senatum
897 2718 1062 2785 referrent..
1102 2730 1139 2783 ut
1156 2739 1231 2783 vero
1254 2718 1425 2783 accersitus

397 2812 430 2875 in
443 2814 565 2877 curiam
578 2836 691 2879 censor
704 2816 801 2894 venit,
816 2816 917 2880 multo
931 2813 1077 2879 infestius
1091 2814 1208 2899 singuli
1222 2812 1425 2895 universique

364 2918 597 2990 epraesentem
628 2910 784 2974 lacerare:
814 2909 971 2994 templum
997 2908 1261 2994 augustissimum
1285 2905 1425 2993 regionis

398 2999 476 3077 eius,
494 3001 581 3084 quod
597 3024 662 3067 non
674 3003 832 3089 Pyrrhus,
850 3025 915 3068 non
924 3003 1089 3067 Hannibal
1107 3003 1288 3080 violassent,
1306 3002 1425 3067 violare

397 3117 510 3179 parum
528 3096 692 3175 habuisse,
714 3097 776 3162 nisi
794 3097 965 3163 detexisset
982 3096 1075 3162 foede
1094 3119 1132 3162 ac
1149 3120 1250 3184 prope
1268 3097 1424 3161 dimisset.

365 3208 378 3254 7
399 3188 576 3254 detractum
588 3190 716 3256 culmen
733 3192 863 3277 templo,
880 3190 1035 3255 nudatum
1052 3201 1172 3257 tectum
1189 3202 1298 3278 patere
1315 3189 1427 3254 imbri-

397 3283 459 3347 bus
481 3285 769 3369 putrefaciendum.
801 3286 899 3369 quid?
922 3308 1086 3351 censorem
1108 3288 1251 3351 moribus
1277 3284 1427 3371 regendis

399 3389 551 3457 creatum,
570 3380 622 3445 cui
641 3391 725 3445 sarta
741 3391 827 3445 tecta
845 3380 974 3466 exigere
998 3380 1096 3446 sacris
1113 3381 1250 3467 publicis
1272 3391 1304 3445 et
1320 3380 1427 3443 locare

364 3490 380 3539 8
399 3474 518 3539 tuenda
534 3497 623 3540 more
640 3475 799 3539 maiorum
816 3474 969 3539 traditum
988 3485 1081 3552 esset,
1100 3498 1175 3541 eum
1192 3497 1250 3562 per
1267 3473 1426 3538 sociorum

397 3570 494 3635 urbes
515 3569 694 3636 diruentem
715 3569 835 3656 templa
856 3570 1095 3655 nudantemque
1122 3581 1207 3637 tecta
1225 3566 1352 3635 aedium
1375 3587 1426 3630 sa-

398 3684 524 3729 crarum
546 3664 659 3750 vagari
676 3673 708 3729 et
725 3663 827 3748 quod,
852 3664 879 3729 si
896 3663 931 3729 in
947 3666 1080 3751 privatis
1099 3664 1258 3730 sociorum
1276 3658 1429 3727 aedificiis

398 3756 532 3834 faceret,
558 3757 727 3843 indignum
750 3757 852 3823 videri
872 3771 997 3844 posset,
1022 3758 1056 3822 id
1079 3758 1175 3822 dettm
1200 3754 1427 3823 immortalium

366 3862 380 3908 a
400 3849 623 3918 demolientem
635 3852 752 3929 facere,
771 3863 802 3917 et
815 3853 1014 3939 obstringere
1027 3852 1180 3937 religione
1198 3853 1352 3941 populum
1361 3850 1430 3915 Ro·

400 3964 540 4018 manum,
557 3947 657 4011 ruinis
670 3947 862 4032 templorum
880 3948 1000 4033 templa
1014 3946 1246 4025 aedificantem,
1265 3958 1428 4029 tamquam

399 4055 465 4099 non
481 4036 567 4101 idem
589 4041 711 4124 ubique
729 4041 762 4105 di
778 4040 975 4107 immortales
994 4039 1070 4116 sint,
1090 4040 1147 4105 sed
1165 4042 1274 4128 spoliis
1293 4040 1428 4104 aliorum
1464 4075 1474 4096 s

351 4143 383 4191 10
401 4128 443 4193 ali
470 4129 595 4195 colendi
620 4134 868 4219 exornandique.
917 4154 1007 4212 oum,
1033 4131 1221 4221 priusquam
1246 4133 1428 4207 referretur,

402 4233 585 4310 appareret,
602 4226 681 4309 quid
699 4228 986 4316 sentirent-patres,
1003 4228 1157 4297 relatione
1174 4232 1261 4297 facta
1277 4228 1311 4294 in
1329 4248 1428 4292 unam
