3384 4975
505 526 726 588 PERIOCHAE
743 523 948 583 LIBRORUM
965 522 1134 582 CVI-CX.
1259 507 1324 576 217

294 673 408 729 narras
430 671 486 738 ese,
507 668 586 723 utin
604 661 823 736 campomartis
842 639 1015 732 sepeliretur.
1052 659 1198 716 carrorum
1217 661 1255 716 su
1274 667 1326 717 uos

295 740 393 867 {⁰¹³³ss
404 738 569 809 Ambiorige
587 736 671 803 duce,
692 737 785 805 [rege]
799 732 975 799 Eburonum,
995 729 1172 800 defecerunt,
1191 747 1209 784 a
1222 747 1269 800 qur
1290 747 1324 784 us

320 814 380 864 otta
392 813 422 862 et
431 807 557 861 Titurius
569 804 658 875 legati
667 801 795 857 Caesaris
808 799 991 856 circumventi
1003 799 1112 852 insidiis
1125 815 1188 852 cum
1202 799 1324 854 exercitu

296 877 340 933 cui
353 881 504 948 praeerant
517 874 591 928 caesi
606 875 680 925 sunt.
708 875 812 926 etcum
825 868 944 924 aliarum
958 883 1069 949 quoque
1078 864 1222 948 legionum
1231 872 1325 948 castra

296 962 313 999 o
333 948 461 1016 pugnata
476 957 579 1012 magno
598 939 694 1021 labore
708 939 826 1020 defensa
838 942 946 1018 essent,
964 940 1037 990 mter
1051 952 1123 1005 quac
1137 952 1210 1004 e1us,
1229 951 1277 1016 qur
1294 953 1325 1015 m

338 1012 427 1133 mli
435 1002 1340 1133 assistricibusalludentibusraihtis?·

296 1085 506 1218 isiqnqicffisque
523 1145 643 1266 proelio,
662 1146 692 1198 in
706 1158 762 1215 quo
776 1149 805 1199 et
816 1142 891 1197 filius
907 1142 966 1197 eius
981 1091 1096 1209 clecidit,
1115 1157 1178 1195 cum
1190 1140 1324 1210 reliquias

297 1216 434 1272 exercitus
447 1215 477 1267 in
490 1231 523 1268 co
536 1215 591 1267 lem
603 1212 769 1283 recepisset,
784 1219 916 1268 evocatus
930 1211 959 1264 in
973 1209 1142 1280 colloquium
1152 1209 1188 1264 ab
1197 1209 1326 1263 hostibus

294 1284 373 1339 velut
381 1284 415 1338 de
424 1298 494 1352 pace
504 1281 617 1350 acturis,
628 1296 744 1352 quorum
753 1281 879 1334 duxerat
888 1277 1019 1348 Surenas,
1030 1279 1245 1349 comprehensus
1255 1282 1325 1333 etne

297 1352 363 1424 quid
372 1352 451 1405 virus
459 1354 604 1422 pateretur
612 1366 784 1421 repugnans,
794 1347 959 1403 interfectus
968 1353 1019 1404 est.

347 1486 378 1543 C.
389 1486 495 1543 Caesar
504 1485 633 1542 Treveris
642 1427 972 1540 inGaMiaLthicsxiltlerum
981 1484 1010 1538 in
1015 1481 1195 1539 Germaniam
1203 1481 1323 1554 transiit,

294 1556 429 1626 nulloque
447 1555 487 1611 ibi
503 1557 584 1610 hoste
601 1554 714 1609 invento
732 1569 859 1609 reversus
873 1553 903 1608 in
917 1551 1042 1608 Galliam
1049 1552 1197 1608 Eburonas
1211 1559 1241 1609 et
1254 1553 1324 1607 alias

296 1625 423 1679 civitates
460 1641 514 1679 uae
532 1622 760 1692 conspiraverant
776 1622 844 1676 vicit
858 1626 887 1677 et
897 1621 1091 1692 Ambiorigem
1104 1622 1134 1675 in
1146 1620 1216 1693 fuga
1229 1637 1322 1691 perse-

295 1697 436 1748 cutusest.
481 1689 879 1760 .ClodiaT.Anni0Milonc,
890 1689 1040 1744 candidato
1050 1689 1218 1759 consulatus,
1228 1691 1255 1743 A
1277 1690 1324 1758 pia

293 1761 341 1815 ria
354 1762 392 1815 ad
400 1760 525 1816 Bovillas
539 1759 625 1814 occisi
638 1775 740 1829 corpus
752 1758 961 1829 plebsincuria
970 1759 1111 1813 cremavit.
1138 1775 1201 1814 cum
1211 1775 1241 1812 se
1262 1758 1324 1812 rtio-
1379 1765 1387 1781 '·
1466 1790 1471 1797 ·

294 1846 346 1883 nes
363 1829 437 1883 inter
454 1829 619 1883 candidatos
637 1829 798 1882 consulatus
810 1826 989 1898 Hypsaeum,
1005 1825 1176 1897 Scipionem,
1191 1826 1326 1881 Milonem

295 1902 402 1965 essent,
422 1898 469 1966 qui
488 1898 572 1951 armis
589 1912 624 1951 ac
641 1895 899 1964 vicontendebant,
919 1895 956 1950 ad
974 1895 1197 1965 comprimendas
1210 1911 1258 1950 eas
1272 1893 1325 1951 Cn.

295 1964 447 2035 Pompeius
456 1964 511 2033 †le
533 1970 596 2019 atus
609 1968 638 2019 et
651 1981 669 2018 a
682 1969 782 2019 senatu
795 1963 893 2018 consul
905 1964 989 2018 tertio
1002 1963 1094 2017 factus
1108 1969 1165 2032 est,
1181 1963 1282 2019 absens
1296 1971 1325 2018 et

296 2034 381 2095 solus,
391 1983 605 2102 quodnuMi-alii
613 2047 745 2101 umquam
754 2031 881 2102 contigit.
917 2031 1062 2086 uaestione
1072 2032 1186 2086 decreta
1195 2032 1325 2086 demorte

295 2102 329 2156 P.
340 2101 444 2169 Clodii,
459 2100 529 2154 Milo
538 2099 641 2154 iudicio
651 2100 800 2154 damnatus
809 2099 839 2152 in
848 2098 904 2153 exs'
920 2100 974 2152 'um
983 2103 1063 2152 actus
1071 2104 1122 2153 est
1149 2101 1194 2154 lex
1203 2101 1263 2153 lata
1272 2105 1323 2169 est,

295 2175 328 2224 ut
339 2171 412 2223 ratio
426 2169 551 2223 absentis
562 2168 693 2236 ¹„Caesaris
707 2168 737 2222 in
750 2166 886 2238 petitione
900 2168 1061 2222 consulatus
1074 2167 1226 2222 haberetur
1238 2167 1325 2220 invito

296 2244 326 2292 et
339 2237 549 2292 contradicente
557 2236 597 2290 M.
607 2235 723 2293 Catone.
750 2240 899 2317 praeterea
911 2252 956 2290 res
971 2238 1065 2306 gestas
1076 2250 1093 2288 a
1103 2234 1133 2290 C.
1144 2234 1266 2290 Caesare
1276 2235 1325 2290 ad·

295 2323 391 2362 versus
406 2305 519 2374 Gallos,
540 2305 588 2376 qui
604 2322 692 2377 prope
710 2303 831 2360 umvcrsi
842 2303 1096 2375 Vercingentorige
1109 2304 1236 2358 Aruerno
1254 2303 1326 2358 duce

297 2375 474 2443 defecerunt,
492 2379 522 2429 et
538 2374 693 2428 laboriosas
711 2372 871 2428 obsidiones
884 2372 996 2426 urbium
1008 2373 1146 2444 continet,
1164 2373 1239 2428 inter
1255 2387 1326 2443 quas

296 2443 411 2498 Avarici
419 2442 579 2515 Biturigum
588 2448 619 2499 et
627 2442 786 2516 Gergouiae
794 2441 991 2498 Arvernorum.

712 2523 751 2564 ax
764 2523 820 2563 nm.
835 2521 914 2564 curu.

348 2576 380 2635 C.
391 2578 497 2634 Caesar
510 2578 610 2635 Gallos
625 2580 662 2635 ad
675 2580 801 2634 Alesiam
813 2579 881 2634 vicit
895 2595 1045 2651 omnesque
1062 2578 1174 2635 Galliae
1187 2577 1324 2647 civitates,

296 2646 1181 2772 usli:llMirtuldtffiltlelnllulslltlte
1194 2653 1327 2770 rupesettoir

295 2756 372 2839 tione
391 2756 553 2864 con’sulatus
570 2732 695 2840 MqCato
712 2734 853 2854 rgplulsam
870 2784 948 2854 tulit,
968 2756 1069 2840 arcad}
1086 2733 1247 2841 cesserisulibirs
1254 2732 1274 2786 p
1265 2783 1325 2839 Ser.

297 2852 435 2924 Sulpicio,
454 2851 492 2906 Μ.
506 2851 650 2908 Marcello.
677 2851 709 2907 C.
724 2852 829 2909 Caesar
840 2853 1007 2908 Bellovacos
1025 2870 1088 2909 cum
1102 2853 1165 2908 aliis
1179 2851 1326 2908 Gallorum

291 2920 715 3045 {salubrioribus
733 2921 1326 3046 libellarii‘resalutantis

297 3057 403 3112 Caesar
412 3058 449 3111 ad
457 3058 622 3128 petitionem
630 3032 697 3113 coris
730 3066 792 3114 atus
800 3060 917 3127 renuet,
928 3030 1024 3113 cumis
1034 3058 1098 3181 iffa
1107 3030 1325 3130 lataintem’pus

297 3127 456 3247 confflatus
454 3126 621 3248 tprotrincias
631 3128 757 3183 obtinere
767 3127 892 3199 deberet,
906 3143 1035 3199 resquea
1076 3125 1326 3201 .BibuloinSyria

297 3211 347 3264 ges
401 3209 454 3247 con
476 3212 533 3249 ne.
1064 3232 1076 3239 -

473 3274 512 3313 ax
525 3275 579 3314 nm
597 3274 678 3317 ovum
691 3276 741 3327 er
754 3276 807 3317 usu
821 3275 926 3318 crustis
939 3275 1027 3318 amul
1040 3277 1152 3319 cuiusve.

349 3328 458 3384 Causae
472 3331 594 3385 civilium
607 3349 745 3387 armorum
759 3339 789 3389 et
800 3334 883 3388 initia
900 3334 1058 3390 referuntur
1075 3333 1324 3404 contentionesque

299 3398 334 3452 de
353 3414 512 3454 successore
525 3398 557 3452 C.
572 3398 687 3455 Caesari
703 3401 854 3471 mittendo,
874 3418 937 3456 cum
951 3420 981 3457 se
996 3402 1172 3455 dimissurum
1187 3403 1325 3455 exercitus

297 3470 424 3536 negaret,
434 3465 657 3537 nisiaPompeio
667 3468 881 3523 dimitterentur.
904 3475 933 3524 et
942 3469 973 3523 C.
984 3469 1111 3523 Curionis
1120 3469 1226 3523 tribuni
1234 3469 1324 3538 plebis

297 3534 416 3603 primum
435 3534 565 3588 adversus
579 3535 741 3603 Caesarem,
760 3536 825 3591 dein
841 3552 893 3609 pro
908 3537 1029 3591 Caesare
1047 3537 1172 3591 actiones
1191 3536 1324 3590 continet.

298 3619 361 3657 cum
376 3606 488 3655 senatus
502 3601 658 3656 consultum
667 3603 773 3656 factum
783 3611 870 3672 esset,
885 3609 917 3658 ut
926 3619 1069 3659 successor
1077 3604 1193 3659 Caesari
1201 3603 1325 3660 mittere-

297 3676 351 3738 tur,
362 3669 400 3722 M.
409 3670 534 3723 Antonio
544 3673 573 3725 et
582 3668 615 3735 Q.
626 3670 723 3725 Cassio
731 3671 852 3725 tribunis
862 3672 966 3741 plebis,
981 3672 1112 3742 quoniam
1122 3672 1324 3727 intercessioni-

297 3739 350 3794 bus
363 3739 392 3791 id
406 3743 520 3792 senatus
534 3738 691 3792 consultum
698 3738 899 3809 impediebant,
912 3740 982 3795 urbe
990 3740 1091 3810 pulsis,
1106 3741 1325 3821 mandatumque

298 3824 316 3861 a
324 3812 424 3862 senatu
433 3806 593 3861 consulibus
603 3812 632 3862 et
641 3807 691 3861 Cn.
701 3806 844 3889 Pompeio,
855 3814 887 3863 ut
894 3809 1070 3878 riderent,ne
1080 3809 1148 3879 quid
1156 3826 1201 3864 res
1210 3810 1325 3880 pubhca

298 3876 458 3930 detrimenti
467 3880 589 3944 caperet,
600 3874 743 3931 C.Caesar
751 3876 827 3932 bello
835 3877 961 3931 mimicos
970 3886 1167 3958 persecuturus
1176 3894 1239 3932 cum
1248 3889 1324 3942 exer-¹

297 3944 355 3999 citu
363 3943 393 3997 in
401 3944 515 3998 Italiam
523 3944 608 4012 venit,
619 3942 770 3999 Corfinium
780 3962 843 3999 cum
852 3945 886 3999 L.
895 3946 1020 4001 Domitio
1032 3947 1102 4001 et-P.
1112 3946 1235 4001 Lentulo
1249 3964 1281 4001 ce
1302 3948 1325 4001 it

297 4028 405 4135 ecsqqiet
423 4011 539 4082 dimisit,
567 4011 618 4067 Cn.
635 4012 800 4084 Pompeium
826 4020 989 4086 ceterosque
1011 4016 1133 4086 partium
1156 4016 1215 4070 eius
1239 3965 1325 4071 Italia

297 4096 369 4151 expu
406 4120 412 4134 .

467 4160 507 4201 ax
520 4161 577 4202 ura.
589 4160 627 4202 cx
641 4162 692 4214 Qvi
705 4162 758 4203 usu
772 4161 877 4205 crvnne
891 4163 977 4204 annm
991 4162 1150 4207 sncvunva.

299 4280 307 4295 .
350 4216 495 4273 C.Caesar
503 4218 671 4289 Massiliam,
686 4236 759 4290 quae
788 4226 864 4276 ortas
874 4222 1026 4290 clauserat,
1041 4222 1164 4291 obsedit,
1180 4226 1208 4277 et
1215 4222 1322 4278 relictis

298 4300 329 4337 ιιι
341 4285 485 4347 obsidione
498 4288 575 4341 urbis
585 4290 644 4344 eius
653 4289 756 4361 legatis
766 4238 801 4347 C
807 4290 950 4347 Trebonio
961 4296 990 4347 et
998 4291 1136 4346 D.Bruto
1142 4292 1339 4360 proiectum
