3384 4975
337 513 399 578 122
527 521 643 576 nmen
660 517 965 587 xxxxlffl,1su.
984 513 1168 584 [susam]

336 693 372 746 ut
390 703 464 746 eum
480 700 615 754 morem,
638 676 665 740 si
681 698 746 739 non
763 696 905 758 semper,
927 671 1040 736 crebro
1056 681 1167 735 tamen
1181 680 1377 754 usurparet.

304 800 319 845 6
337 785 505 861 postquam
518 772 674 836 deterrere
687 793 762 834 eum
779 792 799 832 a
812 768 897 831 bello
909 765 1041 848 nequiit,
1058 765 1162 850 primo
1174 763 1377 830 subtrahere

338 891 406 933 sese
423 890 480 952 per
497 866 574 929 alias
592 877 688 947 atque
705 864 783 928 alias
801 857 958 948 [causas]‚
975 883 1017 924 ne
1033 859 1265 935 interessetis,
1282 880 1375 942 quae

337 984 402 1026 non
422 960 592 1045 probabat,
618 958 737 1043 eoepit3
763 968 923 1042 postremo
941 977 1015 1018 cum
1033 964 1217 1039 urspectnm
1242 975 1280 1017 se
1299 975 1376 1018 esse

338 1067 481 1120 cerneret
501 1065 533 1118 et
554 1052 741 1138 proditionis
762 1050 923 1114 interdum
944 1048 1076 1113 crimine
1101 1046 1301 1123 insimulari,
1331 1047 1377 1110 ad

306 1150 499 1220 :Romanos
521 1147 707 1230 transfugit,
732 1142 950 1231 magno[que]
973 1144 1045 1208 usui
1063 1143 1189 1206 consuli
1209 1141 1286 1205 fuit.
1334 1165 1376 1206 ea

337 1244 534 1307 introductus
548 1241 716 1305 incuriam
730 1263 803 1303 cum
817 1248 1032 1313 memorasset,
1046 1248 1177 1300 senatus
1190 1236 1226 1300 in
1244 1236 1375 1300 formu-

337 1340 402 1403 lam
424 1337 583 1402 sociorum
605 1356 680 1398 eum
700 1333 811 1398 referri
832 1333 940 1409 iussit,
965 1330 1191 1406 locum,lautia
1206 1329 1370 1415 praeberi,

338 1428 592 1516 agriTareutini,
610 1428 665 1510 qui
679 1428 826 1512 publicus
844 1427 954 1512 populi
962 1424 1102 1489 Romani
1114 1434 1210 1498 esset,
1227 1423 1371 1487 ducenta

338 1526 450 1610 iugera
467 1523 545 1597 dari,
563 1533 594 1585 et
613 1521 708 1585 aedes
721 1520 853 1584 Tarenti
871 1521 944 1584 emi.
970 1518 1019 1582 uti
1035 1541 1075 1583 ea
1092 1527 1229 1592 curaret,
1248 1513 1374 1580 (1111-

340 1618 433 1682 cimio
450 1615 588 1701 praetori
604 1615 798 1677 mandatum.

271 1723 273 1727 '
305 1733 322 1779 8
405 1708 429 1795 [.
441 1757 449 1772 .
460 1757 469 1771 .
480 1757 488 1772 .
499 1705 656 1791 equitum]
672 1730 839 1771 recensum
856 1705 1208 1770 idibusDecembribus
1221 1703 1373 1768 severius

341 1826 439 1887 quam
461 1815 534 1867 ante
556 1803 748 1878 habuerunt3
771 1803 879 1866 multis
902 1803 975 1884 equi
998 1801 1153 1885 adempti,
1179 1799 1266 1863 inter
1288 1819 1374 1881 quos

340 1897 380 1961 P.
404 1896 539 1973 Rutilio,
567 1897 622 1979 qui
643 1897 787 1960 tribunus
808 1896 911 1981 plebis
930 1918 984 1960 eos
1007 1896 1161 1959 violenter
1183 1903 1374 1970 accusarat;
1413 1928 1416 1933 <

308 2011 323 2057 9
342 1991 428 2054 tribu
445 2011 572 2073 quoque
593 1990 621 2053 is
638 2002 742 2054 motus
760 2001 792 2054 et
814 1991 954 2054 aerarius
972 1989 1086 2053 factus.
1130 1988 1173 2051 ad
1190 2008 1294 2072 opera
1310 2009 1375 2073 pu·

341 2085 424 2149 blica
441 2084 587 2148 facienda
604 2106 677 2148 cum
691 2084 736 2148 eis
750 2083 916 2147 dimidium
930 2105 971 2146 ex
983 2082 1195 2168 vectigalibus
1207 2081 1280 2146 eius
1294 2080 1374 2145 anni

292 2202 323 2246 10
342 2181 535 2244 adtributum
554 2203 594 2244 ex
611 2191 739 2243 senatus
757 2180 901 2243 consulto
920 2202 940 2241 a
956 2177 1178 2260 quaestoribus
1195 2186 1301 2251 esset,
1319 2175 1373 2238 Ti.

342 2275 548 2359 Sempronius
562 2298 654 2339 exea
668 2276 811 2357 pecunia,
825 2296 908 2357 quae
921 2274 982 2357 ipsi
999 2272 1160 2335 adtributa
1172 2280 1255 2347 erat,
1274 2270 1373 2335 aedes

342 2367 381 2429 P.
397 2369 542 2430 Africani
559 2389 641 2450 pone
656 2367 789 2431 Veteres
809 2368 850 2430 ad
868 2367 1039 2432 Vortumni
1062 2367 1192 2451 signum
1208 2364 1374 2428 lanienas-

343 2480 406 2543 que
423 2472 455 2524 et
476 2461 623 2525 tabernas
641 2459 824 2524 coniunctas
845 2461 880 2523 in
902 2460 1066 2545 publicum
1088 2459 1165 2524 emit
1185 2458 1375 2523 basilicam·

343 2575 406 2636 que
433 2553 611 2618 faciendam
634 2554 770 2629 curavit,
795 2576 878 2637 quae
904 2566 1017 2638 postea
1040 2552 1233 2637 Sempronia
1259 2552 1376 2639 appel·

342 2647 407 2710 lata
425 2658 481 2712 est.

214 2820 224 2832 ,
312 2757 325 2801 1
406 2740 521 2805 XVII.
539 2741 610 2805 Iam
621 2743 655 2806 in
668 2741 755 2805 exitu
770 2765 871 2806 annus
885 2753 962 2818 erat,
980 2753 1011 2806 et
1025 2751 1156 2826 propter
1163 2739 1374 2805 Macedonici

344 2832 481 2895 maxime
508 2833 583 2895 belli
605 2856 714 2896 curam
740 2835 774 2895 in
799 2835 997 2898 sermonibus
1024 2834 1169 2898 homines
1196 2833 1373 2906 habebant,

346 2942 425 3001 quos
443 2924 476 2985 in
494 2947 612 2986 annum
630 2926 775 2989 consules
793 2926 834 2989 ad
856 2926 1031 2991 finiendum
1048 2928 1179 2991 tandem
1197 2928 1232 2991 id
1249 2927 1375 2991 bellum

313 3027 498 3077 1111111111.
541 3016 649 3099 itaque
672 3029 801 3082 senatus
820 3022 998 3085 consultum
1021 3021 1227 3098 factumest,
1254 3031 1293 3085 ut
1311 3017 1375 3085 Cn.

349 3104 502 3170 Servilius
519 3109 620 3192 primo
639 3133 765 3193 quoque
784 3123 925 3197 tempore
943 3116 984 3179 ad
1002 3117 1130 3181 comitia
1147 3116 1302 3181 habenda
1319 3138 1377 3180 ve-

265 3205 267 3210 '
312 3200 438 3264 uniret.
482 3214 609 3268 senatus
627 3207 805 3270 consultum
823 3207 984 3294 Sulpicius
1001 3223 1129 3296 praetor
1146 3212 1188 3276 ad
1207 3212 1378 3277 consulem

349 3289 450 3376 [misit
465 3294 634 3379 literaeque
651 3312 794 3383 receptas
812 3324 831 3364 a
848 3302 992 3388 consule]
1010 3317 1083 3389 post
1099 3305 1309 3390 paucos‘dies
1325 3327 1379 3369 re·

348 3384 465 3463 citavit,
483 3389 599 3470 quibus
614 3390 678 3477 [in]
693 3404 765 3458 ante
784 3394 868 3459 diem
891 3394 945 3481 [..
965 3398 1093 3462 comitia
1110 3400 1224 3464 edixit:
1244 3422 1283 3465 se
1300 3420 1378 3464 eum

349 3489 422 3543 ante
440 3480 539 3567 diem]
557 3483 591 3546 in
613 3486 725 3550 urbem
746 3498 926 3553 venturum.
970 3502 1003 3555 et
1020 3494 1131 3557 consul
1148 3494 1329 3559 maturavit
1346 3503 1380 3557 st

313 3590 331 3633 4
350 3572 478 3638 comitia
500 3598 538 3639 eo
560 3577 610 3642 die
633 3580 688 3661 qui
709 3579 812 3645 dictus
835 3594 904 3647 erat
928 3595 1001 3647 sunt
1028 3586 1179 3669 perfecta.
1225 3587 1380 3651 consules

350 3666 446 3729 creati
456 3667 504 3732 L.
522 3670 679 3736 Aemilius
696 3673 818 3739 Paulus
840 3676 969 3754 iterum,
992 3690 1104 3761 quarto
1128 3681 1267 3746 decumo
1292 3700 1380 3745 anno

349 3769 518 3842 postquam
541 3765 642 3847 primo
664 3770 774 3832 consul
796 3770 915 3845 fuerat,
942 3783 974 3836 et
996 3771 1035 3837 O.
1054 3773 1200 3838 Licinius
1223 3772 1380 3840 Crassus.

316 3864 510 3957 spraetores
528 3869 654 3942 postero
672 3861 723 3926 die
741 3862 816 3927 facti
835 3862 896 3929 Cu.
915 3864 1088 3953 [Baebius]
1108 3868 1316 3953 Tamphilus,
1335 3855 1380 3933 L.

352 3941 484 4009 Anicius
503 3948 631 4029 Gallus,
658 3952 719 4019 On.
738 3954 907 4034 Octavius,
932 3959 973 4023 P.
991 3961 1145 4027 Fonteius
1163 3963 1310 4042 Balbus,
1328 3963 1382 4027 M.

320 4049 334 4094 o
354 4030 511 4103 Aebutius
527 4043 643 4123 Helva,
663 4044 701 4112 O.
719 4049 868 4135 Papirius
887 4049 1003 4117 Carbo.
1039 4056 1147 4120 omnia
1164 4068 1201 4120 ut
1217 4056 1383 4122 maturius

323 4146 336 4189 r
356 4139 533 4231 agerentur,
550 4136 625 4201 belli
641 4140 842 4208 Macedonici
859 4145 1043 4212 stimulabat
1060 4173 1146 4214 cura.
1190 4150 1306 4235 itaque
1325 4151 1385 4216 de-

355 4229 495 4301 signatos
512 4234 668 4315 extemplo
687 4236 790 4300 sortiri
811 4238 932 4322 placuit
947 4243 1142 4324 provincias,
1164 4253 1201 4307 ut
1220 4266 1299 4309 cum
1316 4246 1387 4310 utri
