3384 4975
1076 321 1084 351 Ι

340 503 383 568 74
542 512 660 570 LIBER
676 513 835 583 XXXXII,
854 512 897 568 st.
912 513 953 568 55.
974 515 1084 581 [auc.
1094 514 1156 583 583]

339 673 577 760 superfuerunt,
604 695 723 737 venum
749 672 833 736 data.
879 671 983 735 diruto
1010 693 1129 756 magna
1155 694 1196 736 ex
1221 684 1312 758 parte
1337 687 1371 740 et

338 770 468 834 incenso
495 768 611 854 oppido
642 767 804 852 profectus
832 764 874 829 ad
898 764 1100 829 Phalannam
1126 777 1230 831 castra
1255 770 1369 848 movit,

306 863 412 931 sindo
429 874 557 949 postero
576 862 627 925 die
645 858 826 945 Gyrtonem
842 860 997 945 pervenit.
1024 880 1088 942 quo
1106 882 1180 924 cum
1197 861 1236 925 Τ.
1255 862 1371 929 Minu-

340 957 425 1021 cium
451 956 574 1021 Rufum
601 967 632 1019 et
659 954 813 1039 Hippiam
834 952 1064 1019 Thessalorum
1089 964 1266 1038 praetorem
1294 978 1371 1022 cum

339 1050 498 1137 praesidio
516 1050 650 1114 intrasse
669 1049 860 1133 accepisset,
881 1071 922 1112 ne
946 1057 1099 1132 temptata
1117 1048 1247 1131 quidem
1266 1072 1371 1136 oppu-

338 1146 489 1230 gnatione
515 1155 785 1228 praetergressus,
813 1142 954 1206 Elatiam
976 1152 1009 1206 et
1033 1140 1187 1207 Gonnum
1213 1145 1371 1228 perculsis

306 1260 322 1306 8
339 1239 502 1325 inopinato
521 1239 663 1303 adventu
681 1236 848 1321 oppidanis
872 1236 1002 1321 recepit
1046 1248 1181 1320 utraque
1198 1239 1317 1323 oppida
1335 1240 1371 1303 in

192 1391 193 1394 ,
339 1332 487 1398 faucibus
505 1342 580 1396 sunt
598 1353 663 1414 qua
676 1330 799 1415 Tempe
817 1329 947 1407 adeunt,
966 1331 1068 1415 magis
1084 1328 1230 1396 Gonnus.
1258 1332 1370 1416 itaque

232 1484 234 1487 ,
340 1436 372 1491 et
394 1425 532 1489 firmiore
555 1425 589 1488 id
611 1425 770 1510 praesidio
787 1435 893 1488 tutum
915 1425 1057 1507 equitum
1077 1425 1300 1509 peditumque,
1327 1428 1371 1490 ad

307 1540 322 1586 9
340 1519 402 1584 hoc
418 1518 506 1584 fossa
523 1519 638 1603 triplici
656 1540 694 1582 ac
711 1518 795 1582 vallo
813 1518 971 1582 munitum
989 1517 1126 1601 reliquit.
1157 1518 1225 1603 ipse
1244 1519 1286 1582 ad
1305 1519 1371 1585 Su-

341 1613 465 1678 curium
482 1635 668 1698 progressus
682 1612 820 1698 opperiri
837 1612 882 1675 ibi
900 1610 1039 1676 hostium
1057 1611 1229 1677 adventum
1247 1614 1370 1690 statuit,

342 1707 437 1771 simul
459 1718 492 1772 et
512 1706 700 1772 frumentari
722 1707 843 1791 passim
864 1705 1040 1770 exercitum
1061 1706 1151 1770 iubet
1172 1707 1206 1770 in
1224 1706 1370 1770 subiecto

291 1823 323 1870 10
341 1800 480 1865 hostium
497 1823 586 1886 agro.
612 1822 750 1884 namque
761 1798 935 1865 Sucurium
949 1811 997 1865 est
1015 1800 1075 1863 sub
1093 1799 1252 1864 radicibus
1263 1797 1370 1865 Ossae

341 1895 467 1958 montis.
511 1916 576 1978 qua
596 1894 630 1958 in
647 1893 812 1958 meridiem
828 1893 946 1978 vergit,
969 1893 1128 1958 subiectos
1152 1892 1248 1956 habet
1265 1893 1371 1970 Thcsf

342 1989 440 2053 saliae
458 2011 603 2074 campos,
628 1988 669 2052 ab
687 1999 778 2073 tergo
796 1987 1024 2052 Macedoniam
1041 1999 1136 2070 atque
1153 1986 1369 2072 Magnesiam.

293 2104 322 2150 11
343 2083 384 2146 ad
401 2082 459 2146 has
478 2082 729 2168 opportunitates
752 2081 876 2146 accedit
898 2103 1024 2145 summa
1041 2080 1208 2145 salubritas
1227 2092 1259 2146 et
1276 2080 1371 2165 copia

341 2176 486 2261 pluribus
504 2176 713 2241 circumiectis
731 2176 873 2240 fontibus
891 2174 1078 2261 perennium
1095 2196 1260 2258 aquarum.

310 2292 322 2335 1
406 2270 480 2335 LV.
508 2269 631 2334 Consul
649 2271 814 2335 Romanus
841 2292 900 2353 per
927 2268 1055 2333 cosdem
1078 2269 1144 2332 dies
1168 2267 1370 2333 Thessaliam

343 2383 416 2425 cum
438 2362 580 2427 exercitu
605 2374 718 2449 petens
740 2363 800 2427 iter
822 2362 1008 2447 expeditum
1029 2363 1131 2446 primo
1152 2384 1211 2447 per
1232 2362 1371 2447 Epirum

309 2476 324 2523 2
342 2453 468 2532 habuit;
488 2455 602 2521 deinde
620 2471 790 2541 postquam
803 2455 836 2519 in
845 2455 1074 2520 Athamaniam
1088 2465 1136 2520 est
1153 2466 1371 2541 transgressus

342 2548 446 2633 asperi
464 2571 502 2614 ac
518 2572 619 2636 prope
637 2551 722 2614 invii⁴
732 2550 806 2628 soli,
826 2573 900 2615 cum
916 2549 1040 2634 ingenti
1057 2548 1245 2614 difficultate
1262 2550 1370 2635 parvis

309 2664 324 2709 3
342 2643 508 2709 itineribus
526 2668 622 2731 aegre
641 2644 809 2731 Gomphos
827 2644 986 2731 pervenit3
1009 2643 1062 2708 cui
1084 2644 1110 2707 si
1128 2644 1251 2708 vexatis
1268 2643 1371 2709 homi-

341 2738 437 2803 nibus
455 2740 610 2823 equisque
633 2741 769 2806 tironem
787 2740 961 2805 exercitum
980 2737 1108 2802 ducenti
1130 2738 1198 2803 acie
1215 2739 1371 2803 instructa

343 2842 375 2895 et
392 2833 462 2897 loco
481 2855 539 2897 suo
554 2844 586 2898 et
604 2844 746 2917 tempore
760 2833 933 2898 obstitisset
950 2852 1018 2908 rex,
1035 2854 1076 2896 ne
1085 2832 1223 2896 Romani
1241 2833 1370 2916 quidem

309 2944 326 2991 4
343 2925 489 2989 abnuunt
504 2948 624 3010 magna
641 2949 701 2990 sua
718 2949 791 2991 cum
808 2926 898 2991 clade
916 2925 1015 2989 fuisse
1032 2937 1240 3011 pugnaturos.
1284 2937 1371 3012 post-

344 3039 442 3101 quam
460 3016 628 3102 Gomphos
646 3018 714 3083 sine
731 3019 902 3084 certamine
920 3030 1057 3084 ventum*
1070 3030 1131 3097 est,
1148 3032 1273 3105 praeter
1290 3043 1371 3106 gau·

345 3111 433 3175 dium
443 3112 611 3196 periculosi
621 3112 719 3178 saltus
730 3112 870 3198 superati
880 3123 1079 3198 contemptus
1090 3135 1217 3197 quoque
1232 3114 1370 3179 hostium

310 3226 325 3273 5
345 3204 425 3269 adeo
443 3204 658 3291 ignorantium
676 3207 928 3293 opportunitates
946 3229 1020 3270 suas
1039 3207 1181 3271 accessit.
1216 3208 1370 3272 sacrificio

344 3298 403 3364 rite
420 3299 562 3384 perfecto
581 3303 692 3366 consul
710 3312 743 3366 et
759 3300 920 3367 frumento
935 3301 1009 3364 dato
1025 3300 1178 3365 militibus
1196 3322 1315 3386 paucos
1329 3300 1372 3365 ad

344 3394 488 3477 requiem
504 3393 718 3460 iumentorum
731 3395 961 3478 hominumque
975 3405 1115 3459 moratus
1130 3396 1208 3473 dies,
1225 3416 1298 3459 cum
1313 3418 1372 3458 au-

274 3537 277 3541 >
345 3489 427 3554 diret
440 3489 551 3575 vagari
559 3489 756 3554 Macedonas
771 3489 890 3556 effusos
908 3511 966 3575 per
975 3488 1174 3554 Thessaliam
1189 3487 1371 3571 vastarique

346 3583 504 3649 sociorum
521 3606 632 3669 agros,
659 3584 734 3648 satis
758 3584 822 3648 iam
840 3584 997 3648 refectum
1014 3582 1147 3648 militem
1165 3584 1206 3648 ad
1223 3583 1372 3647 Larisam

314 3678 443 3742 educit
487 3678 561 3743 inde
584 3700 657 3743 cum
679 3678 740 3742 tria
761 3678 848 3741 milia
871 3679 972 3743 ferme
991 3677 1130 3756 abesset,
1158 3679 1199 3742 ad
1216 3677 1373 3762 Tripolim

344 3770 534 3837 -Scaeam
549 3783 718 3837 vocant—
727 3794 823 3857 super
831 3771 979 3837 Peneum
993 3794 1120 3836 amnem
1138 3771 1245 3857 posuit
1258 3783 1371 3836 castra.

267 3901 269 3907 ,
313 3883 327 3928 7
346 3883 402 3943 per
419 3863 505 3928 idem
523 3874 648 3949 tempus
656 3863 820 3929 Eumenes
837 3865 880 3930 ad
889 3862 1076 3929 Chalcidem
1090 3865 1225 3929 navibus
1240 3865 1374 3930 accessit

317 4030 320 4035 1
346 3974 421 4017 cum
437 3957 548 4022 Attalo
571 3969 666 4042 atque
684 3958 853 4025 Athenaeo
875 3956 1041 4031 fratribus,
1067 3957 1251 4025 Philetaero
1275 3960 1373 4025 fratre

346 4044 455 4109 relicto
472 4048 625 4135 Pergami
642 4053 684 4116 ad
701 4053 834 4118 tutelam
850 4051 952 4136 regni.
998 4046 1151 4117 Chalcide
1170 4076 1244 4118 cum
1261 4053 1373 4118 Attalo

347 4148 380 4203 et
397 4151 547 4223 quattuor
563 4147 692 4211 milibus
710 4148 864 4232 peditum,
883 4146 969 4210 mille
987 4146 1130 4226 equitum
1148 4148 1190 4211 ad
1208 4150 1374 4213 consulem

314 4256 329 4304 8
347 4234 449 4313 venit3
473 4233 626 4304 Chalcide
644 4242 755 4307 relicta
772 4242 835 4305 duo
854 4240 942 4304 milia
958 4239 1116 4325 peditum,
1134 4243 1251 4325 quibus
1269 4244 1374 4309 Athe-
