3384 4975
463 543 473 558 1
520 511 637 567 ursan
653 511 809 581 xxxxv,
828 510 1103 587 2121110161]
1250 501 1329 567 113

250 672 253 677 ’
296 672 326 738 si
344 670 397 738 alii
414 669 595 757 principum
611 679 791 734 nostrorum
806 669 908 743 vobis,
928 668 982 732 alii
998 670 1068 754 regi
1084 669 1243 750 faverunt,
1260 694 1327 738 non
1345 693 1361 742 5

296 770 440 856 postulo,
468 777 505 831 ut
521 776 652 851 propter
669 785 742 840 nos,
770 763 825 847 qui
843 763 982 848 partium
1000 774 1177 829 vestrarum
1195 766 1326 846 fuimus,

296 866 383 951 regis
401 865 543 929 fautores
561 861 642 926 salvi
665 860 741 936 sint,
767 859 847 924 illud
870 860 1037 944 deprecor,
1063 882 1104 924 ne
1122 882 1180 924 nos
1198 873 1328 947 propter

295 959 369 1026 illos
387 976 565 1042 pereamus.
610 976 674 1018 non
692 953 767 1018 estis
785 975 842 1040 vos
860 953 922 1018 illis
939 953 1117 1018 infestiores
1136 976 1233 1038 quam
1251 957 1327 1022 civi·
1346 977 1361 1023 o

295 1063 347 1116 tas
365 1052 450 1135 ipsa3
478 1059 511 1114 et
527 1048 588 1113 hoc
606 1047 682 1131 quia
705 1047 863 1124 sciebant,
889 1048 1031 1132 plerique
1049 1069 1159 1112 eorum
1176 1059 1233 1113 aut
1255 1071 1329 1135 pro·

296 1145 453 1231 fugerunt
473 1153 530 1207 aut
551 1152 686 1206 mortem
707 1141 769 1205 sibi
792 1142 1024 1206 consciverunt.
1069 1141 1122 1206 alii
1145 1143 1285 1207 damnati
1308 1167 1328 1207 a

295 1237 391 1303 nobis
408 1237 442 1302 in
465 1246 621 1321 potestate
639 1244 746 1300 vestra
763 1245 872 1312 erunt,
890 1245 998 1321 patres
1016 1236 1196 1320 conscripti.
1233 1236 1329 1302 ceteri
1347 1258 1363 1303 r

297 1331 417 1399 Rhodii
435 1331 516 1395 sicut
533 1329 671 1415 gratiam
681 1329 803 1394 nullam
820 1329 927 1395 meriti
944 1328 1005 1395 hoc
1023 1329 1118 1406 bello,
1136 1330 1236 1395 itane
1253 1352 1330 1416 poe-

296 1449 373 1493 nam
394 1425 525 1509 quidem
550 1447 671 1489 sumus.
720 1424 868 1509 priorum-
885 1435 1066 1490 nostrorum
1088 1425 1330 1491 benefactorum

297 1521 444 1585 cumulus
461 1519 533 1595 hoc,
552 1519 640 1603 quod
656 1541 742 1584 nunc
761 1528 921 1585 cessatum
938 1518 972 1584 in
990 1519 1095 1584 officio
1114 1530 1171 1597 est,
1191 1521 1327 1606 expleat.
1489 1577 1491 1581 ,

298 1637 374 1678 cum
391 1613 493 1679 tribus
507 1612 637 1698 regibus
655 1613 799 1697 gessistis
817 1613 902 1678 bella
919 1635 977 1698 per
989 1612 1048 1679 hos
1063 1636 1177 1692 annos,
1196 1638 1237 1682 ne
1255 1615 1327 1700 plus
1346 1631 1363 1678 8
1475 1635 1476 1639 ’

295 1707 382 1771 obsit
398 1707 490 1772 nobis
508 1707 595 1791 quod
612 1728 676 1772 uno
693 1707 778 1772 bello
796 1707 1007 1786 cessavimus,
1028 1728 1126 1790 quam
1144 1709 1231 1791 quod
1249 1709 1329 1772 duo-

298 1801 359 1865 bus
373 1803 465 1867 bellis
479 1824 537 1886 pro
551 1802 642 1867 vobis
657 1803 881 1888 pugnavimus.
908 1802 1105 1888 Philippum,
1120 1803 1327 1880 Antiochum,
1347 1821 1362 1868 9
1453 1864 1455 1869 .

296 1895 418 1961 Persea
436 1907 601 1978 tamquam
622 1896 678 1961 tris
701 1898 873 1962 sententias
891 1896 1014 1981 ponite3
1039 1897 1122 1962 duae
1145 1919 1204 1962 nos
1223 1898 1328 1962 absol-

298 1998 393 2065 vunt,
419 2011 485 2052 una
511 1988 609 2053 dubia
635 2000 696 2065 est,
724 2000 756 2054 et
777 1990 906 2074 gravior
933 1990 992 2054 sit?
1018 1990 1064 2053 illi
1086 1990 1126 2055 de
1152 1991 1244 2054 nobis
1271 1989 1326 2075 [si]

297 2082 490 2156 iudicarent,
513 2081 655 2144 damnati
674 2105 824 2147 essemus.
869 2105 926 2147 vos
943 2081 1104 2159 iudicatis,
1128 2094 1234 2168 patres
1254 2106 1331 2148 con·

297 2174 422 2259 scripti,
450 2175 490 2239 sit
512 2174 647 2240 Rhodus
673 2176 707 2239 in
743 2176 821 2242 erris
843 2197 886 2240 an
911 2175 1055 2240 funditus
1079 2176 1237 2252 deleatur;
1264 2196 1381 2243 n0n1o

289 2269 384 2334 -enim
403 2268 442 2334 de
461 2269 545 2334 bello
564 2269 755 2348 deliberatis,
774 2279 881 2357 patres
901 2270 1087 2356 conscripti,
1107 2271 1194 2354 quod
1211 2269 1329 2335 inferre

297 2365 439 2450 potestis,
458 2387 569 2450 gerere
582 2386 647 2429 non
664 2365 806 2450 potestis,
826 2388 899 2430 cum
918 2386 1013 2432 nemo
1022 2365 1221 2431 Rhodiorum
1240 2388 1330 2430 arma

296 2459 451 2525 adversus
470 2481 527 2524 vos
544 2459 666 2525 laturus
686 2458 769 2547 [sit].
813 2461 841 2527 si
858 2461 1102 2548 perseverabitis
1120 2461 1154 2526 in
1171 2461 1228 2539 ira,
1247 2473 1328 2527 tem·
1347 2480 1379 2527 11

296 2576 359 2639 pus
378 2577 397 2618 a
415 2552 506 2617 vobis
523 2564 678 2637 petemus,
696 2575 760 2637 quo
778 2554 861 2621 hane
879 2557 1039 2621 funestam
1060 2557 1254 2641 legationem
1273 2557 1330 2618 do-

298 2670 388 2712 mum
406 2646 597 2724 referamus;
621 2648 728 2712 omnia
748 2648 850 2713 libera
872 2649 990 2732 capita,
1013 2650 1169 2732 quidquid
1187 2649 1331 2714 Rhodio-

297 2765 371 2808 rum
392 2740 746 2813 virorum‚feminarum
768 2752 830 2818 est,
857 2764 931 2806 cum
955 2743 1042 2806 omni
1063 2742 1199 2828 pecunia
1220 2752 1330 2806 nostra

288 2859 397 2902 naves
417 2836 667 2901 conscendemus
686 2858 723 2901 ac
740 2835 857 2901 relictis
880 2836 1048 2921 penatibus
1066 2836 1202 2923 publicis
1221 2835 1328 2924 priva·
1348 2856 1381 2904 12

297 2932 402 3013 tisque
420 2930 558 2995 Romam
575 2931 739 2996 veniemus
758 2940 790 2996 et
807 2931 895 2996 omni
918 2953 995 2996 auro
1014 2941 1046 2995 et
1064 2943 1211 3017 argento,
1235 2931 1329 3015 quid-

296 3024 376 3107 quid
388 3023 518 3109 pubhci,
533 3022 721 3111 quid[qnid]
731 3024 847 3110 privati
862 3035 918 3103 est,
933 3025 968 3089 in
976 3025 1113 3102 comitio,
1128 3025 1328 3091 investibulo

298 3119 406 3184 curiae
424 3132 550 3185 vestrae
568 3121 741 3196 cumulato,
759 3141 894 3207 corpora
911 3131 1020 3185 nostra
1034 3122 1270 3206 coniugumque
1289 3142 1328 3185 ac

298 3213 474 3277 liberorum
481 3224 607 3278 vestrae
621 3213 771 3299 potestati
784 3216 1014 3299 permittemus,
1027 3214 1079 3280 hic
1093 3215 1217 3300 passuri
1227 3214 1329 3298 quod-

300 3326 437 3387 cumque
462 3306 647 3391 patiendum
674 3308 747 3384 erit3
779 3309 891 3393 procul
918 3309 960 3373 ab
986 3309 1084 3372 oculis
1111 3309 1225 3372 nostris
1251 3308 1380 3371 urbere

300 3410 409 3464 nostra
423 3398 598 3485 diripiatur,
616 3401 814 3467 incendatur.
840 3402 941 3466 hostis
950 3401 1093 3466 Rhodios
1108 3424 1177 3465 esse
1190 3400 1329 3465 Romani
1348 3420 1381 3465 14

298 3492 441 3557 iudicare
458 3503 607 3577 possunt3
630 3503 679 3557 est
695 3504 803 3558 tamen
822 3506 854 3558 et
871 3504 1015 3556 nostrum
1032 3493 1161 3574 aliquod
1179 3493 1218 3555 de
1236 3494 1329 3555 nobis

300 3583 469 3661 iudicium,
496 3586 584 3667 quod
609 3608 784 3669 numquam
806 3586 1020 3650 iudicabimus
1039 3605 1097 3647 nos
1124 3596 1244 3650 vestros
1271 3585 1355 3649 ho-1

302 3678 376 3754 stis,
406 3697 466 3741 nec
493 3678 667 3762 quicquam
691 3678 819 3757 hostile,
853 3679 949 3745 etiam
975 3680 1001 3745 si
1028 3680 1134 3745 omnia
1158 3680 1328 3765 patiemur,

300 3772 477 3839 faciemus?

367 3866 484 3935 XXV.
516 3866 702 3934 Secundum
728 3869 826 3937 talem
851 3869 1026 3937 orationem
1052 3869 1193 3935 universi
1218 3888 1363 3935 rursusl

301 3964 520 4049 prociderunt,
537 3986 706 4048 ramosque
725 3964 813 4030 oleae
831 3966 990 4050 supplices
1008 3965 1176 4040 iactantes,
1200 3964 1330 4030 tandem

302 4058 432 4123 excitati
458 4058 546 4124 curia
573 4070 785 4125 excesserunt.
838 4070 915 4125 tunc
941 4059 1115 4148 sententiae
1140 4058 1329 4144 interrogari

289 4162 445 4235 coeptae.
488 4152 684 4218 infestissimi
701 4154 834 4219 Rhodiis
854 4166 944 4219 erant
966 4154 1022 4238 qui
1040 4153 1184 4219 consules
1202 4163 1328 4239 praeto-
1346 4172 1363 4218 2

303 4264 394 4313 resve
404 4257 460 4313 aut
471 4246 569 4333 legati
581 4259 746 4333 gesserant
758 4248 791 4313 in
800 4249 993 4315 Macedonia
1006 4249 1134 4315 bellum.
1156 4249 1330 4334 plurimum
