3384 4975
402 489 446 555 60
608 496 727 553 LIBER
742 494 898 566 XXXXII,
917 495 959 550 39.
972 495 1016 549 40.
1035 494 1220 563 [acceto]

402 658 481 743 quid
507 656 617 742 populi
643 653 782 718 Romani
811 652 947 728 nomini,
980 674 1053 716 cum
1079 652 1266 737 praesertim
1291 652 1436 721 Perseus

370 770 384 812 a
403 751 534 838 petisset
542 748 756 830 conloquium,
767 746 1000 811 existumabant
1010 745 1129 810 deberi.
1151 747 1221 810 ioeo
1236 746 1436 814 etiamMar·

404 847 472 911 cius
490 838 667 910 cunctantis
681 841 790 906 movit.
818 840 950 904 ‘minor’
967 840 1073 924 inquit
1091 841 1146 905 ‘ad
1163 840 1317 906 maiorem
1336 843 1436 908 et'-

404 940 491 1025 quod
512 937 664 1022 Philippo
685 936 748 1020 ipsi
770 956 950 1020 cognomen
973 947 1101 1000 erat-
1119 935 1217 999 ‘filius
1239 936 1283 999 ad
1308 947 1435 1021 patrem

357 1051 384 1096 o
404 1031 564 1099 transeat!
608 1030 701 1095 facile
727 1051 916 1114 persuasum
941 1029 975 1093 id
1000 1029 1070 1114 regi
1096 1039 1154 1094 est.
1204 1029 1292 1093 aliud
1318 1030 1435 1098 deinde

405 1125 637 1215 ambigebatur,
656 1145 730 1189 cum
748 1144 846 1206 quam
863 1123 971 1187 multis
988 1123 1146 1188 transiret.
1178 1145 1236 1188 rex
1254 1126 1435 1190 cumomni

405 1222 558 1286 comitatu
576 1217 709 1285 transire
728 1240 840 1283 aecum
858 1217 1022 1294 censebat3
1044 1216 1143 1303 legati
1161 1218 1212 1282 vel
1234 1239 1309 1282 cum
1330 1219 1435 1285 tribus

404 1315 512 1381 venire
529 1313 684 1379 iubebant
699 1314 761 1387 vel,
780 1313 807 1376 si
824 1323 949 1376 tantum
963 1334 1079 1397 agmen
1097 1312 1286 1388 traduceret,
1305 1312 1435 1379 obsides

370 1429 383 1472 7
404 1410 495 1485 dare,
522 1407 602 1472 nihil
624 1405 746 1471 fraudis
769 1406 838 1471 fore
859 1405 894 1470 in
912 1406 1090 1489 conloquio.
1134 1406 1280 1491 Hippian
1296 1416 1329 1471 et
1345 1404 1436 1472 Pan-

404 1502 572 1577 tauchum,
599 1521 679 1583 quos
697 1512 729 1564 et
750 1501 873 1586 legatos
894 1502 1038 1575 miserat,
1064 1500 1224 1586 principes
1245 1499 1434 1578 amicornm,

404 1597 531 1661 obsides
549 1594 646 1660 dedit.
678 1617 738 1658 nec
755 1606 822 1658 tam
839 1595 874 1658 in
890 1595 1008 1680 pignus
1026 1595 1102 1660 fidei
1118 1595 1245 1660 obsides
1263 1595 1436 1660 desiderati

404 1701 494 1755 erant
511 1712 609 1774 quam
626 1699 662 1754 ut
680 1700 861 1774 appareret,
885 1689 977 1754 sociis
995 1709 1199 1772 nequaquam
1218 1711 1258 1754 ex
1276 1688 1435 1775 dignitate

371 1784 475 1870 spari
501 1783 654 1869 congredi
679 1806 790 1868 regem
816 1805 891 1847 cum
916 1783 1041 1868 legatis.
1091 1782 1240 1848 salutatio
1261 1805 1326 1849 non
1352 1795 1436 1849 tam-

404 1902 502 1962 quam
519 1878 673 1954 hostium‚
691 1879 749 1942 sed
766 1877 933 1962 hospitalis
951 1900 989 1942 ae
1006 1877 1147 1962 benigna
1162 1877 1240 1957 fuit,
1257 1877 1436 1964 positisque

405 1973 533 2037 sedibus
552 1972 773 2036 consederunt.
953 1978 962 1986 ’“
1099 2044 1105 2056 ι

372 2085 383 2129 1
468 2064 628 2129 XXXX.
656 2063 741 2130 Cum
758 2065 922 2152 paulisper
940 2067 1102 2131 silentium
1114 2065 1238 2143 fuisset,
1257 2069 1436 2152 ‘expectari

403 2160 475 2226 nos’
501 2160 605 2244 inquit
630 2159 774 2226 Marcius
802 2161 966 2241 arbitror,
993 2173 1030 2226 ut
1050 2161 1300 2248 respondeamus
1321 2162 1437 2227 litteris

403 2255 481 2332 tuis,
504 2277 585 2339 quas
603 2252 779 2340 Corcyram
795 2256 924 2334 misisti,
942 2256 1110 2341 inquibus
1134 2256 1276 2341 quaeris,
1294 2256 1373 2339 quid
1389 2256 1437 2322 ita

398 2349 502 2435 legati
524 2371 598 2413 cum
620 2351 773 2414 militibus
796 2351 977 2416 venerimus
996 2361 1028 2416 et
1050 2351 1211 2437 praesidia
1230 2351 1266 2416 in
1287 2350 1435 2437 singulas

371 2459 385 2506 2
405 2442 500 2507 urbes
518 2441 724 2507 dimittamus.
752 2444 793 2508 ad
811 2442 895 2510 hanc
912 2444 1194 2531 interrogationem
1212 2455 1301 2511 tuam
1319 2455 1353 2512 et
1369 2466 1436 2512 non

403 2538 597 2624 respondere
613 2559 739 2615 vereor,
756 2561 798 2603 ne
816 2539 990 2625 superbum
1009 2539 1065 2617 sit,
1088 2551 1121 2606 et
1137 2562 1214 2606 vera
1230 2541 1436 2626 respondere,

370 2652 386 2698 3
404 2655 445 2699 ne
463 2633 557 2698 nimis
581 2634 733 2699 acerbum
754 2634 898 2700 audienti
920 2635 978 2700 tibi
999 2635 1156 2700 videatur.
1201 2636 1259 2701 sed
1282 2658 1357 2701 oum
1378 2647 1437 2701 ant

403 2729 512 2795 verbis
530 2729 736 2815 castigandus
754 2742 811 2795 aut
828 2730 926 2796 armis
944 2732 985 2795 sit
1002 2731 1059 2814 qui
1075 2731 1190 2797 foedus
1203 2732 1334 2818 rumpit,
1352 2732 1438 2797 siout

404 2824 525 2887 bellum
543 2825 695 2888 adversus
713 2836 745 2889 te
763 2824 806 2888 ali
824 2846 923 2907 quam
940 2825 1019 2889 mihi
1036 2826 1225 2890 mandatum
1242 2826 1367 2904 malim,
1388 2826 1437 2894 ita

405 2917 555 2980 orationis
578 2918 785 2982 acerbitatem
809 2919 963 2983 adversus
985 2919 1160 3004 hospitem,
1182 2931 1358 3004 utcumque
1376 2932 1436 2998 est,
1493 2949 1500 2958 ·

406 3009 535 3085 subibo,
554 3010 636 3074 sicut
649 3011 782 3104 medici,
801 3034 875 3077 cum
893 3014 1004 3078 salutis
1023 3034 1121 3079 causa
1137 3015 1277 3080 tristiora
1292 3016 1437 3081 remedia

370 3102 567 3167 tadhibent.
613 3125 653 3168 ex
679 3126 744 3187 quo
769 3128 907 3192 regnum
933 3108 1069 3194 adeptus
1096 3131 1146 3185 es,
1172 3130 1271 3174 unam
1296 3131 1365 3174 rem
1391 3119 1435 3186 te,

405 3219 488 3280 quae
505 3196 652 3263 facienda
669 3199 776 3276 fuerit,
795 3214 924 3267 senatus
942 3204 1055 3270 fecisse
1070 3214 1189 3283 censet,
1207 3204 1295 3288 quod
1310 3204 1436 3290 legatos

404 3291 543 3356 Romam
559 3292 603 3357 ad
619 3294 838 3359 renovandum
854 3295 984 3383 [foedus
1002 3298 1141 3375 miseris3
1160 3298 1247 3382 quod
1259 3298 1367 3384 ipsum
1384 3312 1436 3363 ta·
1454 3336 1461 3357 ι

403 3408 480 3452 men
504 3384 564 3451 tibi
589 3407 654 3451 non
679 3387 779 3455 firisse
800 3390 1036 3478 renovandum]
1058 3392 1180 3457 iudicat
1204 3392 1310 3479 potius
1334 3412 1437 3474 quam

370 3499 384 3546 5
404 3503 479 3547 oum
504 3491 693 3547 renovatum
719 3494 804 3549 esset
828 3484 1023 3552 violandum.
1076 3486 1285 3572 Abrupolim,
1311 3484 1436 3551 socium

403 3589 500 3662 atque
516 3574 655 3642 amioum
669 3578 781 3664 populi
789 3578 937 3660 Romani,
951 3604 1052 3668 regno
1066 3581 1229 3668 expulisti3
1247 3578 1437 3646 Arthetauri

402 3670 636 3749 interfectores,
663 3684 699 3739 ut
725 3676 839 3753 caede,
865 3699 907 3743 ne
929 3678 1007 3761 quid
1028 3680 1112 3743 ultra
1136 3677 1255 3754 dicam,
1280 3675 1436 3740 laetatum

404 3776 585 3850 appareret,
606 3767 771 3852 recepisti,
794 3769 851 3853 qui
872 3771 1017 3836 omnium
1040 3772 1225 3856 Illyriorum
1244 3769 1436 3834 fidissimum

371 3872 385 3918 6
404 3857 551 3924 Romano
573 3859 695 3925 nomini
715 3864 865 3947 regulum
887 3866 1084 3941 occiderant3
1108 3887 1166 3949 per
1184 3864 1386 3930 Thessaliam
1401 3870 1435 3927 et

404 3949 597 4018 Maliensem
618 3976 733 4039 agrum
756 3978 831 4024 oum
852 3959 994 4024 exercitu
1016 3968 1127 4023 eontra
1148 3958 1264 4024 foedus
1286 3957 1436 4044 Delphos

405 4040 473 4118 5⁸53
499 4045 667 4129 Byzantia,
681 4047 758 4114 item
781 4063 892 4117 contra
917 4051 1030 4116 foedus
1057 4052 1171 4117 misisti
1198 4052 1334 4130 auxilia3
1360 4072 1435 4117 cnm

405 4132 654 4213 Boeotiasociis
668 4143 794 4221 nostris,
808 4156 964 4210 secretam
978 4144 1113 4231 tibiipsi
1128 4146 1322 4223 societatem,
1336 4167 1436 4231 quam

373 4247 470 4294 anon
500 4228 631 4311 licebat,
663 4236 868 4303 iureiurando
900 4238 1067 4325 pepigisti3
1098 4240 1271 4308 Thebanos
1298 4242 1434 4328 legatos,
