3384 4975
338 498 381 566 64
540 511 658 566 amun
674 509 834 578 xxxam,
853 507 954 562 rasa
974 509 1157 578 [anessa]

338 672 533 736 Boeotorum
551 667 744 752 quibusdam
760 667 902 752 populis,
924 689 965 731 ex
983 687 1047 750 quo
1063 667 1280 732 renuntiatum
1300 684 1370 735 erat

337 765 539 851 respondisse
555 764 690 848 legatos,
708 764 937 848 appariturum,
956 762 1073 846 quibus
1090 764 1217 848 populis
1239 765 1371 850 proprie

306 880 321 928 6
340 863 523 927 societatem
540 881 614 923 curn
631 880 713 944 rege
726 857 817 943 iungi
835 858 1056 945 displicuisset.
1082 858 1177 942 primi
1194 882 1214 923 a
1224 856 1371 925 Chaero-

338 955 394 1019 nia
414 955 525 1040 legati,
552 951 667 1017 deinde
689 975 709 1016 a
726 951 847 1016 Thebis
869 951 995 1037 inipso
1017 952 1130 1017 itinere
1152 965 1370 1032 occurrerunt,

340 1047 559 1121 adfirmantes,
584 1067 650 1111 non
670 1045 853 1111 interfuisse
871 1068 921 1121 se,
948 1067 1012 1128 quo
1030 1047 1164 1111 societas
1182 1069 1221 1111 ea
1239 1048 1372 1114 decreta

340 1153 439 1219 esset,
465 1140 614 1218 concilio;
641 1144 712 1223 quis
736 1139 833 1225 legati
854 1140 941 1204 nullo
958 1141 993 1204 in
1013 1140 1193 1225 praesentia
1214 1163 1371 1226 responso

307 1258 320 1303 7
341 1237 414 1300 dato
432 1232 621 1300 Chalcidem
638 1257 674 1299 se
690 1234 782 1317 sequi
797 1232 969 1299 iusserunt.
1013 1233 1134 1298 Thebis
1151 1257 1270 1320 magna
1292 1257 1372 1300 con·

340 1330 439 1395 tentio
450 1340 520 1394 orta
533 1339 601 1394 erat
616 1351 656 1393 ex
669 1327 732 1392 alio
742 1328 924 1394 certamina
950 1328 1085 1393 comitiis
1099 1332 1254 1414 praetoris
1262 1329 1372 1401 Boeo-

341 1436 447 1487 torum
463 1423 549 1488 victa
565 1445 640 1508 pars
661 1421 810 1486 iniuriam
827 1442 1021 1506 persequens
1038 1433 1148 1487 coacta
1166 1423 1371 1489 multitudine

341 1519 503 1583 decretum
521 1516 642 1583 Thebis
662 1513 783 1601 [fecit],
801 1540 842 1582 ne
859 1515 1079 1582 Boeotarchae
1096 1516 1230 1581 urbibus
1247 1518 1372 1604 recipe-

306 1632 322 1679 8
340 1623 458 1677 rentur.
502 1610 612 1676 exules
630 1610 787 1695 Thespias
810 1609 951 1675 universi
973 1622 1212 1688 concesserunt3
1234 1611 1310 1677 inde
1327 1649 1372 1658 —

340 1705 461 1791 recepti
478 1704 564 1769 enim
585 1703 655 1769 sine
678 1704 878 1768 cunctatione
901 1715 1052 1768 erant-
1069 1703 1198 1769 Thebas
1217 1704 1281 1770 iam
1299 1728 1371 1770 mu-

340 1800 414 1864 tatis
432 1798 545 1864 animis
563 1798 705 1864 revocati
722 1798 886 1863 decretum
902 1797 1040 1874 faciunt,
1058 1808 1096 1862 ut
1113 1798 1296 1875 duodecim,
1315 1800 1372 1883 qui

341 1892 457 1978 privati
471 1902 597 1957 coetum
606 1903 637 1957 et
651 1891 821 1957 concilium
833 1890 1031 1968 habuissent,
1041 1891 1137 1957 exilio
1150 1893 1369 1957 multarentur.

292 2008 322 2053 ‘9
341 2009 443 2052 novus
464 1987 579 2052 deinde
596 1996 724 2071 praetor
740 2021 784 2032 -
800 1984 956 2050 Ismenias
973 1985 1001 2049 is
1019 1996 1102 2061 erat,
1128 1987 1178 2050 vir
1199 1986 1312 2050 nobilis
1332 2009 1372 2050 ac

342 2093 454 2166 potens
471 2080 676 2166 —capitalis
699 2102 821 2166 poenae
844 2079 983 2144 absentis
1007 2101 1061 2145 eos
1080 2081 1207 2145 decreto
1230 2080 1371 2145 damnat.

256 2237 258 2239 ,
343 2174 532 2240 Chalcidem
548 2175 713 2260 fugerant3
736 2175 811 2239 inde
829 2173 872 2238 ad
888 2173 1051 2239 Romanos
1069 2173 1218 2239 Larisam
1235 2175 1373 2261 profecti

343 2292 472 2334 causam
496 2291 571 2334 cum
587 2269 708 2334 Perseo
730 2268 899 2333 societatis·
913 2267 947 2332 in
964 2268 1139 2332 Ismeniam
1156 2270 1372 2334 contulerantz

293 2385 324 2430 10
343 2386 384 2428 ex
401 2363 601 2427 contentione
620 2373 724 2427 ortum
747 2373 918 2426 certamen.
963 2362 1129 2446 utriusque
1146 2372 1255 2427 tamen
1271 2363 1372 2448 partis

341 2456 440 2541 legati
466 2457 507 2521 ad
529 2455 691 2521 Romanos
719 2466 890 2534 venerunt,
917 2466 949 2521 et
970 2456 1080 2521 exules
1107 2469 1372 2542 accusatoresque

342 2551 500 2616 Ismeniae
519 2559 551 2616 et
568 2551 725 2616 Ismenias
742 2552 820 2636 ipsc.

311 2666 324 2711 1
407 2644 637 2710 XXXXIIII.
664 2642 853 2710 Chalcidem
870 2655 907 2710 ut
923 2654 1055 2710 ventum
1068 2655 1126 2723 est,
1144 2646 1278 2710 aliarum
1296 2645 1391 2711 civi--

343 2740 458 2805 tatium
474 2740 643 2826 principes,
661 2740 695 2804 id
713 2740 799 2824 quod
816 2763 967 2829 manume
984 2751 1112 2826 gratum
1131 2740 1372 2816 eratRomanis,

344 2857 402 2899 suo
424 2836 543 2918 quique
565 2835 692 2918 proprie
716 2836 843 2900 decreto
865 2834 988 2920 regiam
1009 2835 1193 2899 societatem
1211 2836 1373 2920 aspernati

343 2929 497 2993 Romanis
511 2950 545 2993 se
563 2929 791 3013 adjungebant,
809 2928 965 2994 Ismenias
982 2939 1112 3015 gentem
1125 2930 1320 2994 Boeotorum
1338 2929 1373 2992 in
1424 2920 1429 2929 ’

311 3043 325 3088 2
343 3022 441 3086 'fidem
458 3022 676 3086 Romanorum
693 3023 833 3108 permitti
851 3044 965 3087 aecum
983 3024 1141 3088 censebat.
1178 3023 1253 3089 inde
1264 3035 1372 3090 certa-

343 3116 429 3181 mine
452 3126 536 3191 orto,
558 3116 619 3181 nisi
642 3116 675 3181 in
697 3117 837 3181 tribunal
853 3119 1034 3202 legatorum
1055 3118 1264 3203 perfugisset,
1285 3117 1373 3182 haud

343 3214 481 3277 multum
498 3212 592 3291 afuit,
617 3212 695 3296 quin
714 3213 755 3277 ab
774 3212 920 3278 exulibus
938 3212 1179 3297 fautoribusque
1197 3236 1308 3278 eorum
1324 3211 1373 3276 in·

311 3324 325 3369 3
344 3308 548 3372 terficeretur.
584 3308 718 3373 Thebae
736 3329 865 3392 quoque
882 3307 982 3393 ipsae,
1001 3308 1087 3393 quod
1104 3308 1258 3373 Boeotiae
1276 3317 1374 3391 caput

344 3414 401 3480 est,
419 3401 454 3466 in
470 3424 588 3487 magno
605 3415 696 3468 motu
710 3414 809 3480 erant,
827 3402 885 3466 alls
900 3402 941 3467 ad
958 3426 1068 3489 regern
1085 3402 1282 3468 trahentibus
1296 3400 1374 3465 civi·

310 3517 327 3562 4
344 3508 453 3576 tatem,
471 3498 529 3562 alls
547 3497 589 3561 ad
597 3497 769 3563 Romanos.
798 3508 828 3563 et
846 3498 940 3563 turba
951 3497 1191 3563 Coronaeorum
1199 3494 1374 3560 Haliartio-

344 3614 479 3677 rumque
490 3590 557 3679 [eo]
569 3602 761 3659 convenerat
778 3592 820 3657 ad
834 3592 1072 3659 defendendum
1085 3593 1248 3658 decretum
1265 3588 1374 3674 regiae

345 3688 514 3751 societatis.
558 3688 616 3752 sed
633 3687 811 3752 constantia
828 3686 1009 3773 principum
1028 3687 1211 3753 docentium
1230 3684 1373 3750 cladibus

344 3778 487 3866 Philippi
504 3780 739 3864 Antiochique,
760 3791 881 3863 quanta
899 3793 984 3848 esset
1000 3782 1049 3846 vis
1068 3795 1100 3846 et
1117 3782 1246 3845 fortuna
1263 3778 1375 3863 imperi

345 3872 495 3951 Romani,
522 3874 607 3939 victa
633 3874 763 3938 tandem
787 3874 958 3940 multitudo
981 3885 1012 3940 et
1038 3885 1075 3938 ut
1102 3876 1265 3940 tolleretur
1286 3872 1376 3957 regia

347 3966 480 4031 societas
499 3967 639 4033 decrevit
661 3978 693 4033 et
710 3990 765 4033 eos
788 3968 843 4051 qui
867 3979 1010 4033 auctores
1034 3968 1244 4053 paciscendae
1267 3966 1376 4032 amici·
1405 4025 1407 4028 .

346 4055 409 4120 tiae
435 4058 562 4126 fuerant
589 4062 632 4127 ad
657 4061 919 4127 satisfaciendum
939 4062 1054 4146 legatis
1078 4062 1266 4128 Chalcidem
1289 4061 1376 4125 misit

313 4170 328 4218 5
346 4149 484 4233 fideique
505 4154 684 4240 legatorum
707 4156 914 4222 conmendari
932 4155 1091 4221 civitatem
1109 4158 1210 4222 iussit.
1246 4157 1375 4223 Theba-

347 4269 406 4311 nos
422 4246 566 4313 Marcius
584 4262 616 4316 et
633 4252 753 4318 Atilius
770 4252 846 4318 laeti
864 4252 1033 4322 audierunt
1049 4265 1258 4339 auctoresque
1277 4270 1309 4321 et
1326 4254 1376 4319 his
