3384 4975
515 536 635 593 nnana
651 535 806 605 xxxxv,
825 533 867 589 ar.
882 534 925 588 as.
946 509 1098 604 [sorar]
1262 517 1327 585 177
1377 584 1379 602 ,

299 701 427 767 admota
454 719 512 762 rex
533 694 587 759 ille
613 716 727 780 regum
750 691 865 778 [petiit.
910 690 984 756 inde
1007 688 1169 778 Oropum]
1194 692 1323 758 Atticae
1343 714 1377 764 1⁰

296 805 429 861 ventum
446 802 505 868 est,
523 790 581 854 ubi
594 811 651 874 pro
666 789 725 854 deo
740 797 828 851 vates
842 785 966 864 anticus
980 786 1094 850 colitur
1107 788 1324 872 templumque

296 898 461 955 vetustum
478 895 535 960 est,
552 883 695 948 fontibus
712 881 854 964 rivisque
872 879 955 944 circa
973 901 1157 958 amoennm3
1176 881 1322 948 Athenas
1342 903 1374 952 11

295 982 372 1046 inde
394 982 504 1065 plenas
527 977 656 1061 quidem
677 986 710 1040 et
731 977 817 1060 ipsas
839 964 1125 1052 vetustae‘famae,
1153 974 1255 1039 multa
1276 985 1325 1040 ta-

297 1097 372 1138 men
390 1073 522 1137 visenda
540 1070 700 1153 habentis,
727 1092 848 1145 arcem,
875 1078 1001 1154 portus,
1028 1090 1136 1133 muros
1153 1069 1325 1135 Piraeeum

297 1167 370 1231 u‘rbi
387 1165 560 1251 iungentis,
584 1164 710 1228 navalia
726 1183 916 1248 magnorum
933 1163 1176 1247 imperatorum,
1194 1162 1327 1253 simulas

296 1281 353 1324 cra
376 1260 508 1324 deorum
533 1256 776 1340 hominumque,
804 1255 891 1320 omni
916 1278 1035 1340 genere
1061 1266 1093 1321 et
1118 1257 1270 1323 materiae
1293 1265 1343 1330 et

298 1352 413 1417 artium
431 1349 578 1436 insignia.

363 1446 534 1511 XXVIII.
564 1443 726 1510 Sacrificio
743 1443 912 1509 Minervae
934 1443 1073 1529 praesidi
1090 1443 1171 1508 arcis
1193 1443 1227 1507 in
1245 1443 1325 1509 urbe
1344 1463 1360 1512 1

296 1540 382 1605 facto
400 1539 574 1624 profectus,
593 1536 783 1603 Corinthum
801 1538 900 1602 altero
916 1537 967 1602 die
985 1538 1138 1624 pervenit.
1165 1539 1242 1603 urbs
1257 1549 1360 1608 erata
1438 1541 1441 1547 ’
1461 1602 1462 1606 ,

297 1645 373 1698 tunc
399 1633 562 1719 praeclara
588 1644 661 1698 ante
688 1632 862 1709 excidium,
891 1655 949 1696 arx
975 1654 1103 1716 quoque
1130 1639 1161 1698 et
1183 1632 1325 1697 Isthmus

298 1727 474 1812 praebuere
501 1727 732 1813 spectaculum:
760 1750 818 1790 arx
842 1727 926 1791 inter
951 1726 1078 1791 moenia
1098 1726 1132 1792 in
1152 1726 1326 1790 immanem
1419 1798 1421 1803 ,

296 1822 497 1885 altitudinem
519 1819 617 1897 edita,
645 1832 769 1885 scatens
791 1821 947 1895 fontibus,
973 1820 1114 1886 Isthmus
1138 1820 1201 1885 duo
1224 1821 1359 1888 marias

248 1909 251 1914 Δ
297 1912 371 1998 [ab]
391 1936 506 1978 occasu
524 1924 556 1977 et
573 1925 644 1978 ortu
661 1915 735 1978 solis
753 1914 887 1978 finitima
904 1913 979 1977 artis
998 1914 1145 1979 faucibus
1164 1915 1325 1979 dirimens.

299 2008 471 2091 Sicyonem
493 2008 567 2071 inde
591 2018 623 2071 et
643 2007 751 2091 Argos
774 2006 896 2070 nobiles
919 2006 1015 2071 urbes
1040 2008 1120 2083 adit,
1146 2007 1221 2072 inde
1247 2008 1326 2072 haut

297 2124 408 2186 parem
427 2101 541 2185 opibus
559 2099 770 2185 Epidaurum,
789 2101 845 2163 sed
862 2100 1016 2163 inclutam
1033 2101 1209 2184 Aesculapi
1225 2100 1326 2164 nobili

297 2197 431 2280 templo,
456 2195 543 2277 quod
565 2195 705 2277 quinque
723 2193 851 2257 milibus
875 2215 1030 2278 passuum
1047 2193 1088 2256 ab
1106 2194 1185 2257 urbe
1204 2193 1325 2257 distans

296 2311 382 2353 nunc
400 2289 542 2373 vestigiis
560 2288 757 2354 revolsorum
771 2288 937 2364 donorum,
955 2297 1023 2351 tum
1037 2286 1127 2351 donis
1142 2288 1232 2351 dives
1247 2295 1325 2363 erat,

296 2404 381 2465 quae
407 2383 619 2447 remediorum
646 2383 832 2447 salutarium
859 2383 948 2467 aegri
973 2382 1152 2447 mercedem
1179 2404 1325 2447 sacrave-

298 2487 372 2568 rant
390 2476 460 2540 deo.
488 2477 562 2541 inde
576 2477 855 2543 Lacedaemonem
873 2477 948 2553 adit,
967 2501 1032 2542 non
1050 2501 1183 2563 operum
1199 2476 1324 2561 magni·
1341 2498 1359 2544 4

297 2569 439 2644 ficentia‚
467 2571 524 2633 sed
542 2570 707 2653 disciplina
724 2571 940 2653 institutisque
958 2572 1211 2647 memorabilem,
1238 2570 1325 2634 unde

298 2686 356 2748 per
378 2664 610 2748 Megalopolim
632 2662 818 2747 Olympiam
841 2664 991 2727 escendit.
1035 2664 1092 2727 ubi
1114 2675 1146 2728 et
1169 2664 1230 2728 alia
1253 2662 1325 2746 qui·

299 2758 372 2821 dem
391 2758 564 2841 spectanda
581 2757 611 2820 ei
633 2757 716 2832 visa,
736 2754 798 2842 [et]
818 2757 929 2821 Iovem
951 2758 1037 2821 velut
1059 2767 1259 2842 praesentem
1276 2757 1325 2819 in-

297 2861 390 2915 tuens
413 2862 518 2914 motus
542 2851 647 2914 animo
670 2861 726 2915 est.
774 2851 882 2935 itaque
904 2851 991 2915 haud
1012 2874 1104 2916 secus
1122 2874 1220 2934 quam
1242 2851 1269 2915 si
1291 2851 1326 2913 in
1395 2843 1396 2848 ¹

300 2942 460 3029 Capitolio
487 2944 707 3009 immolaturus
730 2956 829 3022 esset,
857 2946 1049 3010 sacrificium
1074 2946 1210 3030 amplius
1233 2944 1325 3009 solito

299 3038 445 3121 apparari
466 3038 567 3102 iussit.
612 3040 657 3102 ita
678 3050 849 3125 peragrata
872 3037 1023 3117 Graecia,
1050 3050 1086 3103 ut
1113 3040 1191 3104 nihil
1215 3058 1359 3106 eorume

298 3151 381 3213 quae
399 3132 534 3215 quisque
552 3132 664 3196 Persei
685 3133 768 3197 bello
786 3134 935 3218 privatim
953 3145 1008 3198 aut
1031 3135 1158 3218 publice
1177 3135 1326 3198 sensisset

298 3224 485 3304 inquireret,
511 3248 553 3289 ne
580 3227 669 3290 cuius
695 3236 784 3291 metu
806 3228 991 3291 sollicitaret
1013 3228 1134 3291 animos
1157 3228 1325 3301 sociorum,

299 3316 540 3383 Demetriadem
568 3342 642 3382 cum
667 3320 811 3397 revertit,
841 3321 876 3384 in
906 3322 1017 3385 itinere
1046 3321 1206 3384 sordidata
1232 3320 1326 3384 turba

299 3409 489 3474 Aetolorum
516 3413 667 3487 occurrit3
698 3414 890 3493 mirantique
921 3423 953 3476 et
982 3413 1214 3495 percunctanti,
1247 3411 1359 3493 quide

299 3515 394 3576 esset,
413 3505 564 3577 defertur,
584 3504 775 3587 quingentos
790 3505 1021 3588 quinquaginta
1034 3506 1191 3588 principes
1206 3504 1247 3566 ab
1256 3504 1326 3587 Ly-

302 3593 384 3657 cisco
404 3605 435 3657 et
452 3596 584 3678 Tisippo
603 3596 810 3659 circumsesso
829 3607 942 3659 senatu
959 3620 1016 3680 per
1033 3597 1147 3660 milites
1162 3598 1325 3661 Romanos

245 3720 248 3726 ·
300 3688 414 3751 missos
433 3688 474 3751 ab
483 3688 526 3751 A.
536 3688 659 3751 Baebio
675 3687 864 3775 [praefecto]
880 3690 1018 3774 praesidi
1035 3691 1228 3767 interfectos,
1246 3690 1324 3754 ahos

299 3783 334 3846 in
352 3783 481 3846 exilium
500 3794 587 3847 actos
602 3806 671 3848 esse
689 3784 837 3865 bonaque
851 3786 1027 3867 eorumqui
1044 3784 1202 3849 interfecti
1221 3794 1326 3849 essent

299 3887 334 3942 et
351 3878 481 3941 exulum
505 3877 668 3961 possideri.
711 3878 804 3942 iussis
828 3878 884 3960 qui
907 3880 1121 3963 arguebantur
1139 3879 1358 3964 Amphipolis

298 3973 413 4037 adesse
431 3972 499 4056 ipse
517 3983 672 4038 convento
692 3972 752 4037 Cn.
769 3970 906 4037 Octavio
921 3973 1137 4050 Demetriade,
1156 3985 1325 4059 postquam

299 4065 387 4129 lama
405 4065 528 4141 accidit,
547 4067 706 4132 traiecisse
723 4068 788 4131 iarn
801 4090 889 4132 mare
904 4068 1014 4132 decem
1030 4069 1163 4152 legatos,
1177 4069 1323 4132 omnibus

301 4159 369 4222 aliis
388 4160 510 4223 omissis
520 4160 725 4245 Apolloniam
744 4162 785 4225 ad
802 4185 856 4227 eos
875 4163 988 4248 pergit.
1015 4185 1078 4245 quo
1098 4186 1170 4228 cum
1184 4163 1321 4229 Perseus
1341 4177 1355 4224 9

297 4251 428 4315 obviam
446 4254 634 4340 Amphipoli
660 4256 753 4321 nimis
776 4257 887 4323 solutis
910 4258 1046 4324 vinculis
1068 4259 1240 4325 eustadius
1257 4275 1339 4334 nro-

353 4352 401 4393 tivi
414 4353 498 4396 robll'.
1146 4357 1189 4410 Ὠ,
1215 4399 1229 4415 ἱ
