3384 4975
310 499 313 504 '
394 479 460 544 210
525 487 747 545 PERIOCHAE
766 483 970 541 LIBRORUM
986 485 1294 542 LXXVII-LXXX.

393 629 521 697 haberet,
535 625 735 705 manumissus,
750 628 793 679 set
802 624 838 677 ob
850 622 940 679 scelus
949 622 1052 702 proditi
1062 622 1213 702 dominide
1224 640 1289 678 saxo
1300 625 1430 682 deiectus

394 703 445 753 est.
474 696 505 752 C.
519 695 626 750 Marius
639 692 714 747 filius
727 711 754 746 m
771 691 898 746 Africam
912 697 1029 746 traiecit.
1058 690 1088 746 C.
1103 690 1209 745 Marius
1223 698 1304 761 pater
1318 711 1382 749 cum
1395 697 1429 751 in

393 765 544 837 paludibus
562 761 795 817 Minturnensium
812 761 927 828 lateret,
944 765 1083 839 extractus
1102 765 1145 814 est
1162 759 1199 812 ab
1218 761 1381 832 oppidanis,
1397 771 1430 820 et

394 851 458 888 cum
470 833 570 886 missus
585 832 622 886 ad
635 830 819 885 occidendum
829 846 892 885 eum
902 845 1009 896 servus,
1023 834 1137 883 natione
1148 825 1261 898 Gallus,
1277 831 1429 888 maiestate

392 901 466 956 tanti
478 901 530 954 viri
539 900 702 970 perterritus
710 899 884 968 recessisset,
899 897 1036 966 inpositus
1049 896 1161 966 publice
1176 898 1241 951 navi
1256 899 1366 954 delatus
1382 908 1430 956 est

392 972 422 1023 in
440 969 575 1023 Africam.
602 968 636 1022 L.
654 967 734 1038 Sylla
751 966 873 1021 civitatis
890 971 995 1020 statum
1013 965 1161 1031 ordinavit,
1182 965 1281 1022 exinde
1300 968 1429 1025 colonias

394 1038 516 1093 deduxit.
545 1036 578 1101 Q.
589 1036 739 1106 Pompeius
750 1035 862 1103 consul,
877 1035 915 1088 ad
924 1033 1117 1114 accipiendum
1127 1049 1145 1086 a
1154 1032 1205 1088 Cn.
1215 1034 1285 1088 Pom
1308 1036 1350 1091 eio
1360 1055 1426 1107 pro·

393 1107 507 1160 consule
518 1105 669 1160 exercitum
677 1103 828 1174 profectus,
843 1102 960 1157 consilio
970 1119 1030 1156 erus
1039 1101 1145 1156 occisus
1156 1107 1207 1156 est.
1234 1100 1288 1158 Mit
1322 1105 1427 1175 idates,

393 1175 478 1230 Ponti
499 1191 560 1243 rex,
583 1173 720 1244 Bithynia
742 1177 771 1226 et
792 1171 975 1241 Cappadocia
997 1170 1140 1240 occupatis
1163 1176 1193 1225 et
1209 1172 1290 1241 pulso
1307 1174 1425 1243 Aquilio

393 1243 488 1313 legato
498 1242 666 1314 Phrygiam,
680 1240 852 1312 provinciam
860 1239 959 1312 populi
966 1238 1096 1308 Romani,
1111 1255 1173 1293 cum
1182 1239 1291 1311 ingenti
1301 1242 1428 1298 exercitu

393 1310 449 1365 intr
467 1312 515 1366 rit.

450 1329 466 1367 a
786 1379 898 1422 Extis.
913 1379 1032 1421 nxan.

444 1447 621 1504 Mithridates
638 1446 737 1501 Asiam
755 1445 914 1526 occupavit,
934 1443 968 1508 Q.
987 1442 1108 1525 Oppium
1126 1444 1332 1526 proconsulem,
1357 1447 1426 1502 item

393 1517 468 1584 [M’.]
477 1516 622 1638 Arhuilium
631 1517 764 1588 legatum,
774 1516 805 1568 in
812 1514 925 1594 uncula
935 1511 1062 1592 coniecit,
1072 1513 1203 1593 iussuque
1214 1513 1272 1568 eius
1287 1516 1428 1638 qmdgpid

393 1586 494 1640 civium
538 1601 700 1638 omanorum
717 1584 747 1637 in
763 1583 834 1637 Asia
851 1582 906 1635 furt
922 1598 978 1635 uno
997 1582 1042 1637 dre
1059 1582 1229 1636 trucidatum
1247 1589 1299 1637 est.
1325 1601 1360 1638 ur
1381 1603 1427 1640 em

392 1653 531 1723 Rhodum,
547 1671 619 1723 quae
629 1653 690 1707 sola
697 1653 727 1706 in
735 1650 792 1706 fide
801 1650 899 1731 populi
906 1650 1027 1704 Romani
1036 1656 1190 1718 manserat,
1207 1653 1382 1723 oppugnavit
1397 1661 1427 1708 et

394 1722 502 1802 aliquot
522 1721 636 1792 proeliis
658 1721 805 1776 navalibus
823 1724 914 1774 victus
931 1719 1054 1773 recessit.
1089 1718 1246 1774 Archelaus
1263 1721 1428 1790 praefectus

392 1808 472 1914 itt:
486 1787 1426 1924 bibiti&“dbitiissuiitiiqiihiiiiiiudiffiniit

393 1927 456 1983 aliis
466 1927 502 1982 ad
510 1877 646 1998 pdpulum
653 1926 809 1980 Romanum
820 1925 947 1979 civitates
958 1941 1022 1977 suas
1032 1895 1216 1995 trahentibus,
1228 1926 1362 1982 continet.

782 2005 823 2045 nx
835 2005 892 2044 nie.
905 2004 1032 2046 nxxvnu.

443 2063 478 2116 L.
489 2062 633 2119 Cornelius
643 2061 735 2116 Cinna
748 2061 847 2116 consul
861 2078 924 2115 cum
932 2059 1108 2130 perniciosas
1121 2061 1200 2134 leges
1214 2063 1328 2132 pervim
1339 2070 1426 2135 atquc

393 2148 471 2186 arma
479 2131 580 2192 ferret,
594 2132 692 2200 pulsus
705 2131 775 2186 urbe
790 2131 825 2184 ab
836 2128 888 2184 Cn.
900 2128 1016 2184 Octavio
1026 2130 1137 2201 collega
1146 2148 1209 2185 oum
1218 2135 1237 2200 †
1247 2148 1295 2186 sex
1303 2133 1425 2188 tribunis

392 2199 498 2270 plebis3
516 2199 688 2269 imperioque
703 2199 729 2254 ei
744 2199 880 2270 abrogato
896 2203 1054 2278 corruptum
1067 2199 1094 2251 A
1115 2199 1145 2278 pi
1158 2199 1259 2254 Claudi
1273 2202 1426 2256 exercitum

392 2271 423 2323 in
431 2268 765 2389 ppppistatemsualririrrede
783 2268 809 2389 b
818 2274 847 2322 et
856 2267 1033 2390 bellumlprpr
1039 2217 1278 2391 issmiffoarfoeffim
1289 2268 1424 2392 Clpiario

393 2355 427 2391 ex
505 2352 654 2390 cacuma
686 2352 751 2390 sex
781 2352 853 2389 rus.
880 2352 910 2389 m
1023 2352 1037 2390 e
1115 2353 1133 2388 u
1181 2353 1213 2391 ra
1254 2353 1267 2388 s
1301 2353 1424 2392 aerex

393 2404 520 2473 Pompeii
530 2404 660 2470 exercitu,
671 2404 743 2458 alter
752 2420 785 2458 cx
795 2402 912 2470 Cinnae,
925 2351 1088 2473 iqgnorantes
1098 2376 1302 2474 concurrerudt‚
1318 2410 1423 2460 etcum

392 2471 482 2526 victor
494 2471 629 2542 spoliaret
642 2471 776 2540 occisum,
791 2471 888 2559 agnito
905 2471 989 2528 fratre
1002 2472 1111 2544 ingenti
1124 2473 1324 2529 lamentatione
1334 2474 1423 2545 edita,

393 2557 462 2613 rogo
475 2540 502 2595 ei
516 2545 669 2610 exstructo,
690 2539 750 2611 ipse
765 2558 795 2596 se
810 2556 895 2620 supra
907 2557 1006 2612 rogum
1024 2542 1175 2596 transfodit
1193 2548 1222 2597 et
1239 2543 1337 2598 eodem
1355 2544 1424 2615 igne

393 2614 573 2680 consumptus
583 2614 634 2663 est.
660 2613 689 2664 et
698 2626 761 2663 cum
771 2610 889 2679 opprimi
898 2608 971 2664 inter
981 2610 1060 2664 initia
1068 2611 1232 2680 potuissent,
1243 2611 1295 2666 Cn.
1303 2611 1424 2682 Pompei

392 2679 506 2745 fraude,
522 2678 571 2758 qui
582 2684 728 2747 utramque
742 2686 850 2748 partem
867 2677 986 2732 fovendo
999 2678 1072 2733 vires
1086 2678 1193 2735 Cinnae
1211 2680 1288 2735 dedit
1300 2698 1355 2736 nec
1368 2682 1423 2735 nisi

393 2746 551 2817 profligatis
569 2747 743 2815 optimatium
761 2747 845 2801 rebus
863 2746 995 2800 auxilium
1012 2746 1101 2869 tulit,
1114 2752 1143 2802 et
1160 2749 1282 2802 consulis
1300 2751 1424 2820 segnitia

394 2814 551 2869 confirmati
560 2814 652 2870 Cinna
666 2822 694 2869 ct
703 2814 809 2869 Marius
823 2821 955 2884 quattuor
969 2815 1082 2869 exerciti
1102 2833 1148 2884 us,
1165 2834 1198 2871 ex
1211 2816 1312 2887 quibus
1322 2819 1377 2872 duo
1387 2818 1422 2882 Q.

395 2882 517 2937 Sertorio
528 2887 556 2938 et
566 2882 688 2938 Carboni
698 2883 756 2936 dati
765 2888 838 2949 sunt,
849 2885 947 2938 urbem
956 2883 1200 2939 circumsederunt.
1231 2885 1339 2942 Ostiam
1348 2888 1423 2942 colo-

393 2950 471 3005 niam
482 2951 611 3020 [Marius]
623 2951 797 3022 expugnavit
806 2956 834 3005 et
843 2951 994 3006 crudeliter
1003 2952 1126 3023 diripuit.

804 3031 844 3070 ιιι(
857 3031 913 3070 nm.
927 3029 1014 3072 nxxx.

445 3085 552 3140 Italicis
561 3087 672 3157 populis
682 3104 699 3141 a
708 3091 809 3142 senatu
818 3087 916 3141 civitas
927 3088 1054 3143 dataest.
1074 3088 1222 3157 Samnites,
1228 3091 1275 3159 qui
1285 3091 1335 3145 soli
1343 3108 1423 3146 arma

393 3154 575 3224 recipiebant,
586 3156 691 3210 Cinnae
702 3161 731 3210 et
739 3155 828 3210 Mario
838 3173 868 3211 se
878 3157 1085 3213 coniunxerunt.
1109 3159 1145 3212 ab
1154 3158 1197 3211 his
1206 3158 1334 3214 Plautius
1344 3160 1423 3230 lega·

394 3227 440 3274 tus
455 3239 518 3276 cum
533 3225 656 3277 exercitu
669 3241 766 3279 caesus
780 3230 831 3280 est.
859 3224 949 3281 Cinna
958 3232 987 3281 et
994 3226 1100 3280 Marius
1110 3243 1172 3280 cum
1181 3225 1309 3283 Carbone
1320 3234 1349 3283 et
1359 3228 1423 3283 Ser-

393 3290 465 3345 torio
492 3290 649 3346 Ianiculum
675 3299 908 3365 oppugnaverunt
934 3299 963 3349 et
988 3294 1081 3366 fugati
1108 3295 1145 3350 ab
1168 3294 1284 3350 Octavio
1307 3298 1422 3351 consule

393 3367 576 3415 recesserunt.
611 3360 717 3416 Marius
734 3362 849 3417 Antium
872 3367 901 3416 et
917 3362 1042 3417 Ariciam
1065 3368 1094 3418 et
1115 3363 1272 3418 Lanuvium
1296 3366 1423 3419 colonias

394 3430 572 3499 expugnavit.
600 3446 663 3484 cum
683 3447 746 3499 spes
763 3430 842 3484 nulla
860 3436 935 3485 esset
951 3432 1132 3501 optimatibus
1145 3432 1293 3487 resistendi
1306 3440 1423 3504 propter

394 3497 543 3568 segnitiam
557 3502 586 3552 et
597 3495 744 3569 perfidiam
758 3505 787 3553 et
800 3499 902 3553 ducum
916 3504 945 3555 et
957 3500 1076 3554 militum
1110 3501 1158 3571 qui
1171 3500 1294 3570 corrupti
1308 3507 1357 3555 aut
1370 3520 1422 3572 pu-

394 3583 482 3645 gnare
491 3566 627 3621 nolebant
636 3572 685 3621 aut
693 3567 722 3620 in
733 3567 856 3622 diversas
886 3574 960 3623 artes
973 3541 1162 3638 transiebant,
1177 3569 1267 3624 Cinna
1277 3576 1306 3623 et
1314 3570 1421 3624 Marius

393 3652 424 3687 111
441 3635 539 3691 urbem
552 3636 658 3706 recepti
672 3640 749 3704 sunt3
766 3637 815 3706 qui
827 3586 908 3691 refut
921 3643 1032 3717 captam
1046 3655 1108 3693 sam
1120 3638 1254 3693 caedibus
1268 3654 1301 3691 ac
1314 3640 1421 3709 rapinis

393 3708 573 3758 vastaverunt
586 3703 636 3759 Cn.
648 3703 765 3758 Octavio
778 3706 892 3759 consule
905 3722 996 3761 occiso
1011 3712 1040 3762 et
1053 3707 1181 3762 omnibus
1190 3707 1323 3761 adversae
1332 3708 1423 3777 partis

393 3771 535 3825 nobilibus
543 3772 698 3840 trucidatis,
713 3772 786 3826 inter
795 3789 864 3843 quos
872 3772 910 3826 Μ.
920 3774 1054 3841 Antonio,
1069 3774 1294 3845 eloquentissimo
1304 3776 1372 3844 viro,
1389 3774 1421 3830 C,

393 3837 483 3898 Lucio
493 3844 573 3909 [que]
586 3839 715 3906 Caesare,
730 3856 846 3909 quorum
856 3842 951 3921 capita
959 3842 988 3896 in
997 3844 1094 3896 rostris
1102 3845 1194 3913 posita
1203 3849 1276 3897 sunt.
1304 3842 1423 3899 Crassus

393 3904 468 3959 filius
482 3907 518 3987 ab
533 3906 672 3976 equitibus
685 3906 827 3963 Fimbriae
842 3926 964 3989 occrsus3
982 3916 1062 3979 pater
1072 3910 1202 3992 Crassus,
1216 3929 1252 3966 ne
1267 3912 1335 4032 (prid
1349 3912 1421 3993 indi·

394 3977 1422 4119 casuserarrerraerrrserarsreare

395 4106 449 4174 dre,
464 4124 519 4176 quo
528 4111 723 4181 magistratum
730 4111 864 4181 inierant,
879 4112 984 4166 Marius
994 4111 1056 4168 Sex.
1066 4115 1206 4170 Licinium
1215 4123 1375 4174 senatorem
1385 4119 1422 4173 de

394 4190 460 4227 saxo
475 4176 547 4229 deici
560 4178 651 4249 iussit,
667 4180 805 4260 editisque
817 4180 943 4250 plurimis
957 4181 1107 4238 sceleribus
1120 4186 1213 4240 idibus
1223 4186 1363 4240 Ianuariis
1372 4187 1421 4241 de-

394 4241 491 4311 cessit,
505 4242 548 4296 rir
561 4246 638 4300 cuius
650 4248 675 4301 si
684 4253 877 4305 examinentur
885 4265 948 4306 eum
957 4247 1105 4307 canthus
1114 4254 1195 4324 vitia,
1209 4254 1280 4309 haut
1288 4254 1374 4311 facile
1384 4255 1423 4309 sit
