3384 4975
545 556 661 613 LIBER
678 554 851 629 xxxxm,
871 559 896 612 1.
916 557 1069 629 [auru]
1278 543 1319 610 87

546 1115 754 1187 [rumoonr
770 1115 878 1170 susm
894 1117 1078 1184 xxxmn]

310 1250 312 1253 ’
347 1255 511 1321 [Praetores
524 1251 641 1322 aliquot,
661 1267 694 1306 eo
709 1253 783 1322 quod
798 1269 882 1308 avare
897 1258 926 1308 et
939 1253 1090 1309 crudeliter
1102 1255 1260 1324 provincias
1275 1255 1323 1309 ad·
1428 1272 1433 1285 ·

295 1333 499 1400 ministrarant,
519 1331 645 1385 damnati
658 1336 731 1384 sunt.
765 1331 799 1385 P.
813 1331 941 1386 Licinius
956 1331 1072 1386 Crassus
1090 1333 1240 1402 proconsul
1258 1348 1323 1387 con-

294 1411 391 1480 plures
402 1411 432 1464 in
445 1408 568 1464 Graecia
581 1408 666 1462 urbes
678 1407 851 1478 expugnavit
865 1414 894 1464 et
911 1409 1063 1465 crudeliter
1078 1409 1225 1480 corripuit;
1244 1409 1280 1464 ob
1293 1409 1324 1463 id

294 1487 408 1558 captivi,
426 1487 474 1557 qui
483 1486 520 1540 ab
531 1501 565 1540 eo
575 1485 628 1540 sub
637 1501 742 1539 corona
749 1485 903 1554 venierunt,
922 1503 956 1540 ex
964 1492 1078 1542 senatus
1087 1488 1215 1541 consulto
1224 1491 1325 1556 postea

294 1563 418 1619 restituti
426 1568 497 1618 sunt.
533 1563 628 1617 itema
641 1562 793 1634 praefectis
802 1562 934 1617 classium
942 1563 1133 1618 Romanarum
1142 1563 1231 1618 multa
1243 1565 1322 1634 inpo·

294 1645 389 1697 tenter
400 1641 431 1694 in
444 1640 533 1695 socios
547 1640 634 1694 facta.
668 1657 714 1694 res
727 1641 998 1710 praetereaaPerse
1007 1658 1075 1712 rege
1084 1641 1114 1695 in
1124 1640 1248 1696 Thracia
1259 1656 1322 1712 pro-

294 1734 375 1787 spere
392 1722 487 1789 gestas
505 1717 642 1786 eontinet,
661 1716 741 1771 victis
758 1717 901 1772 Dardanis
920 1722 950 1773 et
967 1718 1081 1789 Illyria,
1100 1719 1179 1773 cuius
1195 1735 1245 1774 rex
1262 1723 1324 1773 erat

295 1792 423 1848 Gentius.
466 1799 570 1862 motus,
590 1793 686 1863 quiin
703 1793 844 1863 Hispania
864 1794 901 1849 ab
920 1793 1038 1849 Olonico
1056 1795 1149 1850 factus
1167 1800 1241 1864 erat,
1260 1793 1322 1866 ipso

294 1872 462 1942 interempto
476 1872 611 1926 consedit.
646 1871 685 1925 M.
694 1871 831 1926 Aemilius
844 1871 971 1942 Lepidus
986 1890 1003 1928 a
1017 1872 1178 1928 censoribus
1190 1874 1322 1944 princeps

294 1948 554 2016 insonatuleotus.]

725 2097 892 2108 -—.

648 2220 790 2301 ΤΙΤΙ
816 2220 966 2301 LIVI

576 2359 637 2420 AB
663 2360 787 2422 vanu
808 2359 1040 2422 'connium

658 2532 775 2586 LIBER
792 2534 963 2588 XXXXIII.

359 2688 386 2752 I.
413 2686 539 2753 Eadem
557 2696 687 2762 aestate,
706 2707 771 2770 qua
788 2687 999 2752 inThessalia
1017 2686 1113 2773 [hacc
1129 2698 1221 2772 gesta
1239 2698 1321 2761 sunt,
1343 2710 1355 2755 1

294 2782 337 2863 Q.
356 2779 503 2867 Mucius]
521 2783 646 2866 legatus
669 2781 703 2843 in
720 2780 886 2865 Illyricum
905 2804 923 2846 a
941 2781 1071 2846 consule
1093 2781 1223 2857 missua,
1245 2802 1324 2865 opu·

294 2878 380 2940 lcnta
394 2876 457 2940 duo
471 2876 589 2962 oppida
604 2876 812 2961 oppugnavit.
839 2878 856 2956 †
868 2873 1048 2941 Ceremiam
1062 2875 1096 2940 vi
1112 2885 1209 2959 atque
1226 2875 1323 2939 armis

295 2970 400 3055 coegit
415 2970 450 3034 in
467 2969 677 3046 deditionem,
701 2970 871 3053 omniaque
888 2972 916 3034 is
935 2992 994 3034 sua
1012 2969 1182 3046 concessit,
1200 2980 1238 3034 ut
1254 2970 1323 3056 opi·
1342 2992 1356 3037 2

295 3063 389 3128 nione
416 3064 602 3130 clementiae
634 3086 689 3130 eos
715 3063 771 3148 qui
800 3061 998 3131 Carnuntem
1029 3064 1185 3130 munitam
1210 3063 1324 3129 urbem

294 3158 475 3222 incolebant
497 3159 656 3225 adiiceret.
701 3171 873 3243 postquam
894 3182 954 3225 nec
972 3171 1009 3224 ut
1027 3158 1179 3225 dederent
1196 3181 1231 3223 se
1249 3180 1323 3222 con·
1341 3179 1356 3226 3

295 3252 413 3336 pellere
431 3274 535 3336 neque
548 3274 661 3339 capere
676 3254 852 3338 opsidendo
870 3264 1005 3339 poterat,
1022 3276 1064 3318 ne
1079 3253 1204 3318 duabus
1222 3273 1323 3335 oppu-
1395 3328 1396 3332 Ἰ

295 3346 499 3431 gnationibus
516 3348 711 3432 nequiquam
728 3347 882 3432 fatigatus
900 3348 990 3412 miles
1010 3356 1103 3424 esset,
1122 3367 1218 3429 quam
1235 3344 1323 3427 prius

296 3441 449 3504 intactam
466 3441 579 3505 urbem
596 3442 778 3522 reliquerat,
792 3440 936 3524 diripuit.

361 3533 455 3595 Alter
472 3534 583 3597 consul
602 3531 641 3597 C.
661 3530 794 3597 Cassius
812 3553 872 3596 nec
889 3532 923 3594 in
941 3530 1060 3607 Gallia,
1078 3551 1177 3611 quam
1195 3526 1323 3591 sortitus
1342 3550 1359 3596 4

298 3635 380 3699 erat,
399 3625 605 3689 memorabile
628 3625 802 3707 quicquam
819 3624 933 3708 gessit,
956 3634 988 3687 et
1009 3644 1067 3708 per
1084 3621 1249 3706 Illyricum
1267 3619 1326 3682 du·

299 3738 371 3781 cere
393 3716 535 3801 legiones
557 3716 590 3780 in
607 3716 834 3781 Macedoniam
855 3738 938 3781 vano
961 3716 1087 3800 incepto
1111 3725 1159 3779 est
1182 3723 1324 3778 conatus.

297 3811 478 3897 ingressum
500 3808 562 3874 hoc
583 3810 643 3875 iter
665 3811 828 3875 consulem
856 3822 983 3875 senatus
1007 3833 1046 3876 ex
1068 3807 1325 3894 Aquileiensium
1344 3831 1358 3880 5

297 3906 412 3991 legatis
430 3905 595 3990 cognovit,
618 3905 673 3990 qui
690 3917 858 3990 querentes
877 3907 1034 3970 coloniam
1051 3928 1143 3971 suam
1160 3926 1277 3969 novam
1295 3917 1326 3971 et

298 3999 456 4063 infirmam
479 4000 618 4064 necdum
639 4000 715 4065 satis
739 3999 896 4065 munitam
918 4000 1002 4067 inter
1023 4000 1155 4065 infestas
1181 3998 1324 4065 nationes

298 4094 483 4158 Histrorum
505 4105 537 4158 et
559 4095 743 4180 Illyriorum
764 4118 834 4161 esse
856 4117 931 4161 cum
954 4106 1113 4182 peterent,
1139 4106 1358 4164 ut'senatuso

299 4208 394 4253 curae
409 4187 550 4265 haberet,
565 4188 724 4272 quomodo
740 4212 778 4255 ea
791 4190 916 4256 colonia
931 4192 1116 4267 muniretur,
1130 4190 1324 4276 interrogati,

299 4283 455 4349 vellentne
474 4307 545 4350 eam
561 4307 629 4349 rem
648 4281 687 4350 Ο.
707 4281 818 4350 Cassio
837 4286 961 4352 consuli
978 4286 1136 4363 mandari,
1155 4286 1326 4369 responde·
1345 4304 1358 4347 r
