3384 4975
340 518 383 584 22
581 526 698 585 LIBER
715 474 859 596 mul,
876 525 921 580 aa.
940 525 1124 594 [amasso]

339 690 505 754 absentem
532 686 679 750 audimus
705 705 816 769 regem
843 693 891 760 et,
918 682 1019 746 sidia
1045 682 1165 766 placet,
1192 684 1372 750 orationem

305 806 322 855 s
340 783 409 848 eius
426 781 609 867 probamus.
653 789 776 844 etcum
793 771 881 842 ferae
899 776 1020 840 bestiae
1037 775 1145 840 cibum
1161 776 1205 841 ad
1221 777 1370 845 fraudem

341 899 433 942 suam
454 875 595 961 positum
616 873 805 958 plerumque
827 880 1037 956 aspernentur
1058 881 1090 934 et
1110 870 1287 956 refugiant,
1309 896 1370 940 uos

342 969 430 1036 caeci
459 967 564 1053 specie
595 967 687 1052 parvi
717 964 865 1031 beneficii
894 965 1076 1029 inescamur
1106 974 1139 1028 et
1170 966 1369 1032 servolorum

344 1063 466 1129 minimi
486 1060 580 1148 pretii
601 1060 858 1145 recipiendorum
875 1082 932 1144 spe
950 1069 1092 1123 nostram
1113 1058 1256 1143 ipsorum
1273 1061 1371 1126 liber-

309 1180 324 1226 o
343 1169 441 1223 tatem
458 1156 570 1220 subrui
592 1166 625 1220 et
645 1154 794 1239 temptari
815 1154 963 1238 patimur.
1008 1153 1079 1236 quis
1097 1152 1182 1216 enim
1199 1176 1265 1219 non
1282 1156 1371 1221 videt

341 1252 427 1317 viam
444 1251 551 1336 regiae
569 1250 728 1314 societatis
745 1247 867 1332 quaeri,
884 1269 951 1332 qua
962 1247 1146 1312 Romanum
1161 1247 1286 1328 foedus,
1303 1271 1370 1333 quo

341 1356 449 1411 nostra
457 1345 564 1409 omnia
578 1344 788 1419 continentur,
806 1343 961 1408 violetur?
977 1342 1039 1406 nisi
1052 1341 1114 1407 hoc
1128 1342 1262 1406 dubium
1274 1344 1373 1410 alicui

342 1450 399 1514 est,
420 1437 607 1504 bellandum
628 1437 782 1502 Romanis
805 1459 881 1501 cum
901 1436 1022 1501 Perseo
1044 1459 1114 1500 esse
1132 1447 1165 1501 et
1186 1437 1274 1519 quod
1295 1438 1371 1502 vivo

340 1531 492 1618 Philippo
520 1543 736 1616 expectatum,
763 1543 866 1596 morte
892 1532 961 1596 eins
986 1531 1221 1616 interpellatum
1247 1542 1310 1608 est,
1335 1532 1371 1596 id

293 1647 324 1696 1o
342 1636 414 1711 post
436 1638 572 1691 mortem
587 1625 731 1711 Philippi
752 1625 908 1690 futurum.
951 1625 1047 1702 duos,
1074 1634 1111 1688 ut
1128 1625 1230 1701 scitis,
1257 1624 1371 1691 babuit

343 1720 425 1784 filios
440 1719 621 1806 Philippus,
638 1718 841 1785 Demetrium
859 1731 891 1785 et
907 1718 1038 1783 Persea.
1081 1740 1199 1804 genere
1216 1731 1371 1797 materno,

343 1813 470 1890 virtute,
487 1814 632 1900 ingenio,
650 1813 762 1879 favore
779 1813 998 1878 Macedonum
1014 1814 1110 1898 longe
1127 1814 1286 1898 praestitit
1301 1813 1372 1880 De-

293 1907 484 1974 11metrius.
537 1908 594 1972 sed
621 1908 697 1990 quia
722 1908 756 1972 in
782 1907 946 1973 Romanos
971 1907 1037 1972 odii
1059 1929 1195 1990 regnum
1220 1919 1370 1992 posuerat

344 2002 531 2087 praemium,
548 2001 750 2067 Demetrium
767 2003 856 2068 nullo
870 2002 931 2066 alio
950 2001 1082 2066 crimine
1099 2022 1196 2083 quam
1204 2002 1369 2067 Romanae

344 2095 502 2161 amicitiae
524 2096 623 2160 initae
645 2096 774 2171 occidit,
800 2095 936 2173 Persea,
963 2116 1060 2179 quem
1081 2095 1202 2180 populo
1223 2095 1370 2160 Romano

342 2189 431 2273 prius
457 2209 559 2275 paene
587 2188 728 2276 [bellum
753 2186 947 2273 inlaturum]
974 2210 1073 2271 quam
1102 2188 1195 2273 regni
1220 2188 1370 2254 heredem

294 2304 324 2349 12
342 2283 486 2347 futurum
505 2284 636 2360 sciebat,
654 2306 763 2368 regern
780 2283 867 2346 fecit.
906 2282 1014 2364 itaque
1032 2282 1111 2364 quid
1128 2283 1180 2347 hic
1197 2293 1269 2368 post
1285 2305 1370 2348 mor·

343 2388 409 2441 tem
430 2379 529 2461 patris
554 2377 620 2463 egit
641 2377 729 2440 aliud
751 2395 849 2459 quam
876 2376 996 2442 bellum
1022 2376 1165 2461 paravit?
1195 2377 1369 2444 Bastarnas

343 2469 481 2554 primurn
495 2470 537 2535 ad
549 2481 702 2535 terrorem
718 2470 860 2534 omnium
874 2466 938 2556 [in]
948 2469 1148 2536 Dardaniam
1161 2471 1295 2549 inmisit3
1314 2473 1371 2557 qui

343 2564 370 2628 si
393 2564 503 2629 sedem
526 2587 597 2629 eam
615 2562 804 2641 tenuissent,
827 2564 991 2649 graviores
1009 2587 1063 2629 eos
1087 2566 1212 2630 accolas
1231 2564 1370 2632 Graecia

293 2678 324 2725 13
343 2659 507 2725 habuisset
529 2681 627 2743 quam
643 2659 726 2725 Asia
744 2657 857 2725 Gallos
871 2659 1030 2725 babebat.
1074 2683 1113 2725 ea
1137 2684 1193 2745 spe
1217 2662 1368 2746 depulsus

343 2776 407 2818 non
428 2765 535 2818 tamen
558 2755 635 2819 belli
653 2755 784 2819 consilia
801 2755 921 2832 omisit3
939 2755 1052 2830 immo,
1076 2755 1104 2819 si
1125 2778 1199 2820 vere
1221 2756 1369 2820 volumus

343 2847 463 2923 dicere,
485 2848 550 2910 iam
572 2848 734 2912 inchoavit
757 2848 886 2912 bellum.
930 2848 1106 2934 Dolopiam
1124 2850 1220 2914 armis
1243 2851 1370 2936 subegit

342 2962 402 3004 nec
419 2941 621 3024 provocantis
640 2941 680 3006 de
698 2945 908 3007 controversis
926 2943 968 3008 ad
981 2943 1242 3028 disceptationem
1259 2945 1370 3031 populi

343 3033 481 3097 Romani
498 3033 634 3112 audivit3
657 3034 731 3099 inde
750 3046 966 3121 transgressus
985 3036 1117 3113 Oetam,
1135 3049 1172 3102 ut
1188 3049 1320 3124 repente
1335 3039 1369 3104 in

343 3127 447 3192 medio
462 3129 611 3194 umbilico
622 3128 779 3196 Graeciae
794 3131 1038 3216 conspiceretur,
1056 3131 1203 3217 Delphos
1217 3133 1367 3198 escendit.

293 3241 325 3288 14
343 3220 423 3287 haec
440 3224 603 3308 usurpatio
616 3225 737 3291 itineris
754 3225 873 3290 insoliti
886 3246 949 3309 quo
962 3226 1053 3290 vobis
1069 3238 1211 3311 spectare
1225 3227 1369 3291 videtur?

343 3317 543 3382 Thessaliam
565 3320 679 3385 deinde
704 3321 902 3406 peragravit3
929 3321 1017 3403 quod
1043 3322 1110 3385 sine
1136 3322 1231 3386 ullius
1258 3344 1368 3387 eorum

294 3430 324 3477 15
344 3434 424 3496 quos
442 3412 553 3478 oderat
569 3415 676 3492 noxia,
694 3414 754 3479 hoc
771 3415 875 3501 magis
893 3415 1133 3500 temptationem
1150 3427 1267 3480 metuo.
1294 3417 1368 3481 inde

342 3507 461 3575 litteras
479 3509 521 3576 ad
543 3532 601 3575 nos
619 3533 692 3576 cum
710 3512 850 3577 muneris
869 3511 973 3596 specie
990 3511 1090 3589 misit,
1113 3523 1145 3577 et
1163 3511 1301 3596 cogitare
1319 3511 1369 3575 iu·

342 3603 406 3680 bet,
434 3627 498 3688 quo
525 3605 619 3671 modo
641 3606 675 3671 in
700 3606 856 3673 relicuum
877 3606 938 3672 boc
965 3630 1097 3673 munere
1118 3629 1183 3672 non
1205 3629 1368 3693 egeamus,

342 3695 403 3764 hoc
420 3709 469 3764 est
486 3711 523 3764 ut
541 3699 712 3776 decretum,
731 3722 795 3784 quo
814 3713 962 3767 arcentur
978 3701 1202 3786 Peloponneso
1214 3700 1369 3766 Macedo·

296 3800 324 3846 16
341 3811 409 3866 nes,
427 3793 575 3859 tollamus
579 3818 589 3871 3
607 3816 717 3858 rursus
733 3795 856 3878 legatos
871 3796 976 3880 regios
992 3805 1024 3859 ct
1041 3795 1178 3878 hospitia
1191 3817 1264 3859 cum
1281 3795 1369 3881 prin·

340 3881 466 3963 cipibus
488 3897 521 3951 et
541 3908 617 3951 mox
639 3886 856 3951 Macedonum
879 3889 1051 3963 exercitus,
1079 3886 1185 3971 ipsum
1203 3910 1330 3972 quoque
1349 3911 1369 3952 a

343 3974 479 4057 Delphis
495 4014 539 4027 -
555 3991 711 4064 quantum
734 3980 820 4046 enim
836 3982 988 4047 interfluit
1008 3982 1146 4047 fretum?
1162 4020 1206 4031 -
1222 3984 1368 4049 traicien-

342 4079 409 4132 tem
425 4067 458 4131 in
472 4068 730 4155 Peloponnesum
747 4074 923 4151 videamus,
941 4075 1165 4140 inmisceamur
1178 4077 1368 4145 Macedoni·

293 4174 324 4221 17
343 4162 404 4228 bus
426 4164 622 4231 armantibus
650 4192 684 4234 se
707 4169 859 4235 adversus
882 4169 1055 4234 Romanos.
1101 4192 1160 4256 ego
1187 4172 1265 4237 nihil
1292 4171 1369 4238 novi

343 4277 457 4324 conseo
479 4256 714 4327 decernendum
735 4264 955 4349 servandaque
977 4264 1084 4330 omnia
1103 4265 1242 4355 integra,
1265 4267 1367 4333 donec
