3384 4975
337 483 378 546 78
542 495 660 550 LIBER
676 494 836 562 XXXXII,
855 494 897 548 59.
910 493 953 548 60.
973 496 1011 564 [a.
1020 511 1048 546 u.
1058 511 1082 549 c.
1092 495 1155 566 583]
1238 512 1240 517 ’

303 674 316 718 1
400 651 546 717 LVIIII.
573 652 614 714 In
640 651 726 715 hunc
746 651 880 714 modum
905 649 1043 714 maxime
1069 650 1241 717 instructae
1268 654 1366 733 acies,

335 768 394 830 par
411 746 512 812 ferme
529 747 689 829 utrimque
707 768 860 810 numerus
878 744 1021 828 equitum
1035 767 1073 809 ac
1090 746 1169 810 levis
1184 760 1367 815 armaturae

337 851 529 906 concurrunt
548 865 567 904 a
584 840 799 905 funditoribus
816 839 1121 922 iaculatoribusque,
1145 841 1200 925 qui
1218 865 1367 926 praeces-

285 979 289 984 -
304 955 318 999 2
337 946 452 1010 serant,
469 935 590 1021 proelio
608 946 686 998 orto.
730 934 825 1019 primi
843 933 987 998 omnium
1005 934 1157 1012 Thraces,
1175 936 1255 1000 haut
1272 960 1366 1002 secus

336 1053 434 1114 quam
448 1029 503 1093 diu
516 1029 661 1094 claustris
674 1040 816 1094 retentae
831 1028 929 1103 ferae,
944 1028 989 1092 ita
998 1028 1147 1092 concitati
1156 1050 1230 1092 cum
1243 1030 1367 1115 ingenti

337 1125 474 1188 clamore
496 1124 530 1187 in
547 1124 696 1188 dextrum
713 1144 826 1198 cornu,
844 1122 975 1186 Italicos
994 1123 1131 1204 equites,
1153 1122 1365 1202 incurrerunt,

303 1235 317 1280 3
336 1229 373 1282 ut
393 1238 455 1282 usu
475 1217 548 1284 belli
567 1228 599 1282 et
620 1217 749 1302 ingenio
772 1215 924 1300 inpavida
949 1238 1029 1301 gens
1051 1216 1242 1280 turbaretur.
1280 1215 1304 1302 [.
1316 1265 1324 1281 .
1336 1266 1364 1283 ..

336 1309 456 1397 gla]dls
474 1311 582 1376 hastas
600 1322 708 1397 petere
722 1311 844 1396 pedites
860 1309 885 1396 [.
895 1358 904 1374 .
915 1357 923 1374 .
936 1309 962 1396 .]
973 1333 1084 1394 mque,
1102 1333 1187 1375 nunc
1202 1312 1366 1377 succidere

246 1405 249 1409 ’
302 1423 431 1470 rcrura
448 1406 548 1489 equis,
566 1427 652 1469 nunc
669 1405 724 1468 ilia
741 1405 912 1470 suffodere.
952 1405 1092 1469 Perseus
1109 1405 1142 1468 in
1160 1406 1299 1470 mediam
1316 1406 1366 1470 in-

336 1512 448 1567 vectus
466 1499 567 1566 aciem
586 1495 729 1566 Graecos
747 1499 851 1584 primo
868 1499 991 1584 impetu
1009 1499 1136 1576 avertit;
1156 1500 1272 1582 quibus
1290 1523 1366 1565 cum

336 1595 444 1680 gravis
471 1594 512 1659 ab
539 1605 630 1679 tergo
652 1594 785 1658 instaret
806 1593 922 1670 hostis,
945 1592 1173 1657 Thessalorum
1195 1593 1364 1676 equitatus,

337 1688 391 1771 qui
410 1689 538 1752 alaeve
556 1710 656 1752 cornu
673 1687 764 1752 brevi
781 1689 884 1773 spatio
899 1687 1058 1751 diiunctus
1076 1688 1110 1751 in
1129 1688 1276 1752 subsidiis
1294 1689 1365 1753 fue-

337 1792 387 1845 rat
405 1792 495 1845 extra
512 1803 717 1858 concursum,
735 1781 838 1867 primo
857 1792 1016 1865 spectator
1033 1781 1227 1856 certaminis,
1250 1781 1364 1847 deinde

304 1874 490 1948 ainclinata
515 1899 550 1941 re
577 1897 729 1940 maxumo
754 1875 827 1939 usui
854 1875 925 1938 fuit
970 1875 1118 1940 cedentes
1141 1875 1226 1940 enim
1247 1875 1366 1940 sensim

336 1969 469 2053 integris
487 1969 667 2046 ordinibus,
690 1982 861 2054 postquam
880 1991 913 2032 se
931 1968 1086 2033 Eumenis
1104 1969 1230 2032 auxiliis
1252 1969 1366 2032 adiun-

337 2074 468 2138 xerunt,
494 2073 527 2128 et
553 2085 628 2127 cum
656 2084 694 2127 eo
717 2073 820 2126 tutum
842 2062 926 2126 inter
948 2062 1074 2126 ordines
1102 2083 1176 2126 suos
1202 2073 1366 2147 receptum

338 2156 432 2220 sociis
445 2156 525 2242 fuga
539 2156 699 2242 dissipatis
714 2157 833 2220 dabant
849 2166 891 2232 et,
910 2178 984 2220 cum
996 2157 1101 2219 minus
1111 2155 1245 2220 conferti
1258 2155 1365 2220 hostes

337 2249 506 2328 instarent,
530 2251 681 2336 progredi
704 2251 799 2314 etiam
817 2251 887 2314 ausi
910 2251 1026 2314 multos
1045 2250 1237 2335 fugientium
1256 2249 1365 2314 obvios

305 2369 320 2416 6
340 2355 542 2428 exceperunt.
586 2363 647 2408 nec
663 2348 746 2428 regi,
770 2344 873 2427 sparsi
895 2343 960 2406 iam
978 2343 1039 2429 ipsi
1056 2342 1174 2428 passim
1193 2344 1365 2425 sequendo,

340 2458 414 2501 cum
431 2438 583 2502 ordinatis
601 2448 634 2503 et
655 2448 742 2502 certo
759 2436 979 2502 incedentibus
1002 2437 1106 2523 gradu
1123 2460 1238 2501 manus
1256 2460 1366 2503 conse·

307 2554 408 2605 arere
431 2532 601 2597 audebant.
647 2554 721 2595 oum
743 2531 844 2596 victor
867 2532 1005 2615 equestri
1026 2532 1146 2617 proelio
1168 2555 1240 2610 rex,
1266 2555 1365 2618 parvo

339 2639 499 2691 momento
518 2628 545 2690 si
563 2626 774 2701 adiuvissent,
792 2626 987 2691 debellatum
1004 2648 1073 2692 esse
1092 2623 1285 2711 [clamare]t,
1310 2648 1367 2711 op·

277 2715 281 2724 ’
339 2732 474 2806 portune
488 2721 668 2787 adhortanti
686 2722 870 2808 supervenit
887 2721 1036 2805 phalanx,
1056 2742 1153 2803 quam
1168 2744 1226 2786 sua
1243 2731 1365 2805 sponte,

339 2838 380 2880 ne
399 2817 514 2879 audaci
531 2828 643 2900 coepto
661 2816 822 2891 deessent,
840 2815 977 2899 Hippias
996 2825 1028 2878 et
1046 2814 1233 2879 Leonnatus
1250 2813 1365 2899 raptim

340 2908 554 2985 adduxerant,
576 2922 746 2995 postquam
769 2930 921 2993 prospere
938 2931 1100 2993 pugnasse
1119 2910 1259 2992 equitem
1276 2931 1366 2973 acce-

307 3022 322 3068 8
340 3013 464 3086 parunt.
501 3003 675 3068 fluctuante
692 3026 768 3087 rege
785 3004 868 3066 inter
886 3026 976 3087 spem
994 3014 1179 3086 metumque
1198 3014 1302 3067 tantae
1319 3003 1366 3067 rei

341 3096 503 3160 conandae
527 3094 688 3162 Cretensis
710 3096 878 3173 Euander,
905 3119 969 3179 quo
996 3097 1139 3161 ministro
1161 3096 1298 3183 Delphis
1324 3095 1366 3160 ad

340 3188 470 3252 insidias
488 3189 642 3256 Eumenis
660 3190 745 3276 regis
763 3212 841 3254 usus
859 3201 937 3267 erat,
956 3203 1126 3276 postquam
1144 3213 1259 3276 agmen
1276 3190 1365 3275 pedi-

307 3302 321 3348 9
341 3293 410 3346 tum
433 3284 628 3348 venientium
651 3285 711 3349 sub
735 3284 834 3368 signis
858 3284 951 3362 vidit,
979 3285 1020 3349 ad
1041 3308 1151 3370 regern
1174 3284 1313 3348 adcurrit
1335 3295 1366 3349 et

339 3398 468 3442 mouere
481 3377 604 3454 institit,
618 3401 659 3443 ue
673 3378 774 3443 elatus
791 3376 943 3443 felicitate
957 3402 1115 3443 summam
1129 3401 1234 3442 rerum
1249 3388 1367 3441 temere

292 3494 323 3539 10
341 3473 375 3536 in
396 3494 461 3536 non
483 3472 696 3536 necessariam
718 3471 821 3535 aleam
843 3471 947 3537 daret:
976 3472 1003 3536 si
1031 3482 1197 3537 contentus
1224 3471 1306 3533 bene
1332 3492 1367 3535 re

340 3577 432 3650 gesta
457 3566 598 3649 quiesset
623 3588 662 3630 eo
690 3564 754 3640 die,
781 3566 833 3631 vel
860 3566 948 3651 pacis
974 3567 1125 3632 honestae
1150 3563 1368 3631 condicionem

341 3659 534 3735 habiturum,
553 3660 604 3724 vel
621 3659 774 3743 plurimos
787 3660 863 3726 belli
878 3661 990 3737 socios,
1009 3662 1064 3744 qui
1081 3660 1241 3725 fortunam
1256 3680 1371 3741 seque·

342 3764 464 3829 rentur,
484 3754 511 3817 si
531 3752 651 3817 bellare
673 3754 791 3818 mallet.
834 3754 869 3817 in
885 3754 946 3819 hoc
965 3754 1130 3819 consilium
1154 3754 1284 3839 pronior
1301 3762 1369 3818 erat

294 3847 466 3909 uenimus
488 3846 583 3930 regis.
627 3846 736 3931 itaque
758 3846 948 3911 conlaudato
966 3846 1119 3911 Euandro
1144 3848 1236 3932 signa
1258 3844 1368 3924 referri

342 3938 550 4022 peditumque
573 3962 689 4024 agmen
710 3940 814 4005 redire
835 3940 870 4004 in
893 3950 997 4005 castra
1014 3940 1117 4018 iubet,
1141 3941 1301 4024 equitibus
1319 3962 1372 4004 re·

343 4030 449 4112 ceptui
467 4052 590 4099 canere.

312 4140 324 4185 1
407 4122 485 4185 LX.
515 4123 668 4193 Cecidere
695 4150 734 4193 eo
760 4128 811 4192 die
837 4126 879 4191 ab
902 4126 1055 4192 Romanis
1083 4129 1211 4194 ducenti
1235 4129 1369 4213 equites,

346 4216 408 4279 duo
419 4213 536 4301 [milia]
551 4218 629 4283 haut
645 4222 750 4287 minus
768 4220 921 4306 peditum,
940 4221 1024 4305 capti
1042 4223 1177 4289 sescenti
1194 4223 1294 4288 ferme
1300 4248 1309 4299 ;
1328 4245 1368 4287 ex
