3384 4975
509 547 627 604 LIBER
643 543 831 613 XXXXIIII,
851 544 893 599 45.
907 544 949 598 46.
970 549 1008 612 [a.
1019 545 1048 600 O.
1059 544 1123 613 168]
1267 535 1330 600 149

307 709 457 793 deinceps
483 705 584 769 omnis
606 702 706 766 ferme
729 699 922 764 Macedonia
946 699 1030 764 intra
1055 700 1187 767 biduum
1211 704 1326 770 dedita.

305 800 466 887 Pydnaei,
492 797 548 880 qui
569 795 705 880 proximi
724 803 827 869 erant,
854 793 996 856 nondum
1018 794 1169 861 miserant
1189 798 1311 883 legatos
1317 825 1326 878 ;
1346 821 1362 867 o

304 894 474 960 multitudo
483 889 644 955 incondita
657 887 796 972 plurium
806 887 899 949 simul
913 887 1056 971 gentium
1065 888 1231 972 turbaque,
1245 913 1327 975 quae

305 1012 347 1053 ex
364 986 432 1050 acie
449 984 529 1067 fuga
541 983 575 1045 in
588 1004 689 1045 unum
705 979 857 1064 conpulsa
870 992 947 1057 erat,
967 982 1133 1046 consilium
1151 994 1183 1047 et
1197 1007 1329 1049 consen-

305 1103 377 1144 sum
399 1076 535 1142 civitatis
557 1075 753 1158 inpediebat,
775 1097 836 1138 nec
858 1074 985 1138 clausae
1002 1076 1097 1140 modo
1119 1088 1243 1162 portae,
1270 1081 1326 1144 sed

304 1175 400 1238 etiam
413 1169 632 1234 inaedificatae
646 1178 745 1232 erant.
771 1166 859 1231 missi
868 1167 984 1231 Midon
1001 1169 1248 1235 etPantauchus
1267 1172 1326 1236 sub
1345 1194 1360 1239 r

303 1286 411 1329 muros
426 1264 468 1327 ad
482 1261 683 1343 conloquium
694 1259 831 1337 Solonis,
850 1261 906 1343 qui
923 1263 1080 1345 praesidio
1094 1276 1255 1347 praeerat3
1270 1288 1327 1351 per

302 1381 377 1423 eum
394 1355 546 1422 emittitur
560 1354 703 1422 militaris
722 1355 825 1418 turba.
854 1355 1006 1439 oppidum
1016 1356 1158 1421 deditum
1172 1360 1325 1424 militibus

303 1453 396 1516 datur
414 1449 635 1535 diripiendum.
666 1447 814 1525 Perseus,
834 1471 898 1512 una
916 1460 1040 1514 tantum
1058 1474 1114 1536 spe
1131 1453 1325 1517 Bisaltarum
1343 1472 1360 1519 8

302 1545 400 1609 auxili
417 1553 584 1628 temptata,
613 1544 655 1606 ad
671 1562 752 1624 quos
768 1543 965 1626 nequiquam
982 1545 1265 1631 miseratlegatos,
1292 1548 1325 1610 in
1417 1568 1422 1575 ’
1439 1615 1441 1619 Α

302 1638 480 1702 contionem
501 1637 655 1720 prooessit
676 1635 862 1721 Philippum
881 1659 990 1702 secum
1006 1638 1107 1701 filium
1125 1638 1261 1717 habens,
1288 1652 1324 1704 ut
1343 1658 1358 1705 9

301 1742 333 1795 et
350 1731 434 1816 ipsos
452 1729 732 1814 Amphipolitanos
752 1741 783 1793 et
801 1731 943 1812 equitum
961 1732 1177 1816 peditumque,
1196 1734 1251 1816 qui
1270 1746 1325 1797 aut

300 1847 334 1888 se
361 1824 519 1907 persecuti
546 1834 602 1887 aut
627 1823 706 1907 fuga
733 1823 845 1887 eodem
872 1824 967 1888 delati
995 1836 1099 1903 erant,
1127 1825 1324 1890 adhortando

300 1918 422 1980 animos
445 1917 653 1980 confirmaret.
702 1916 759 1980 sed
780 1916 969 1998 aliquotiens
992 1919 1095 1983 dicere
1117 1920 1321 2003 incipientem
1341 1938 1373 1986 10

301 2032 374 2074 oum
399 2009 547 2072 lacrimae
573 2009 825 2092 praepedissent,
853 2010 928 2090 quia
949 2010 1018 2093 ipse
1044 2010 1166 2076 hiscere
1188 2014 1321 2095 nequiit,

299 2101 453 2167 Euandro
463 2100 607 2166 Cretensi
626 2102 727 2175 editis,
747 2122 828 2182 quae
844 2102 898 2184 agi
912 2123 984 2165 cum
1002 2104 1203 2168 multitudine
1217 2106 1321 2180 vellet,

301 2199 340 2262 de
367 2198 484 2281 templo
512 2196 682 2260 descendit.
736 2195 904 2258 multitudo
935 2196 1017 2259 sicut
1049 2198 1090 2260 ad
1117 2208 1320 2282 conspectum
1342 2216 1371 2262 11

298 2290 383 2374 regis
404 2291 577 2372 fletumque
600 2300 666 2352 tam
683 2288 896 2353 miserabilem
914 2300 946 2352 et
968 2289 1038 2374 ipsa
1058 2290 1258 2376 ingemuerat
1274 2293 1323 2355 la-

299 2385 564 2465 crimaveratque,
591 2384 637 2447 ita
658 2382 803 2447 Euandri
826 2383 1000 2448 orationem
1019 2385 1262 2469 aspernabatur,
1292 2397 1324 2450 et

299 2477 429 2559 quidam
455 2478 523 2541 ausi
550 2489 624 2542 sunt
645 2477 750 2544 media
773 2501 813 2543 ex
836 2477 981 2543 contione
1005 2480 1198 2545 succlamare
1222 2480 1323 2544 ‘abite

298 2570 388 2646 hinc,
414 2592 455 2633 ne
474 2571 529 2653 qui
546 2572 641 2655 pauci
663 2595 884 2656 supersumus,
911 2584 1041 2657 propter
1058 2597 1114 2637 vos
1133 2575 1321 2657 pereamus.'

297 2666 412 2730 horum
430 2666 548 2729 ferocia
565 2688 678 2729 vocem
695 2665 839 2729 Euandri
858 2667 979 2730 elausit.
1025 2690 1080 2730 rex
1099 2668 1172 2730 exin
1191 2668 1319 2730 domum
1340 2684 1371 2730 12

298 2782 333 2824 se
350 2759 480 2843 recepit,
498 2759 697 2843 pecuniaque
712 2770 743 2823 et
761 2781 837 2822 auro
852 2769 1046 2844 argentoque
1064 2760 1097 2822 in
1114 2760 1246 2838 lembos,
1265 2762 1321 2844 qui

297 2853 331 2917 in
342 2851 513 2917 Strumone
532 2852 667 2928 stabant,
686 2851 798 2916 delatis
817 2863 849 2915 et
865 2853 934 2936 ipse
952 2853 994 2916 ad
1010 2854 1129 2917 flumen
1147 2853 1319 2917 descendit.

297 2946 438 3010 Thraces
461 2946 596 3009 navibus
618 2968 652 3010 se
676 2946 870 3009 committere
893 2968 958 3009 non
981 2946 1050 3010 ausi
1074 2947 1184 3010 domos
1208 2947 1320 3031 dilapsi
1340 2965 1371 3011 13

298 3050 330 3102 et
348 3039 410 3102 alia
432 3039 575 3103 militaris
599 3040 724 3124 generis
742 3038 850 3115 turba,
874 3037 1036 3104 Cretensis
1055 3063 1144 3125 spem
1166 3041 1320 3125 pecuniae

297 3135 407 3197 secuti.
443 3144 475 3198 et
492 3135 642 3216 quoniam
664 3135 698 3198 in
716 3134 885 3198 dividendo
902 3135 975 3219 plus
994 3135 1204 3198 offensionum
1223 3156 1320 3217 quam

296 3226 418 3309 gratiae
441 3238 522 3304 erat,
550 3228 781 3311 quinquaginta
803 3228 923 3291 talenta
939 3230 966 3291 is
988 3228 1092 3311 posita
1110 3237 1183 3290 sunt
1199 3227 1233 3290 in
1250 3229 1320 3311 ripa

297 3318 482 3403 diripienda.
527 3321 568 3384 ab
590 3321 651 3385 hac
669 3321 844 3405 direptione
863 3343 936 3385 cum
957 3343 1014 3405 per
1032 3322 1203 3383 tumultum
1219 3342 1317 3383 naves
1339 3341 1369 3387 14

297 3416 554 3489 conscenderent,
571 3415 713 3479 lembum
730 3438 830 3478 unum
847 3415 881 3476 in
899 3414 979 3477 ostio
993 3414 1095 3477 amnis
1115 3413 1317 3477 multitudine

297 3517 466 3590 gravatum
487 3517 672 3572 merserunt.
719 3506 895 3590 Galepsum
915 3528 951 3569 eo
970 3506 1035 3580 die,
1060 3515 1186 3587 postero
1205 3503 1369 3569 Samo-15

297 3599 449 3675 thracam,
467 3621 563 3681 quam
581 3600 741 3683 petebant,
759 3598 962 3684 perveniunt;
981 3598 1022 3661 ad
1037 3597 1100 3660 duo
1113 3595 1201 3659 milia
1218 3596 1318 3659 talen-

296 3696 365 3757 tirm
382 3703 532 3775 pervecta
549 3714 586 3756 eo
605 3691 763 3756 dicuntur.

359 3784 566 3851 XXXXVI.
592 3785 716 3849 Paulus
743 3808 800 3870 per
823 3806 933 3849 omnes
957 3783 1078 3849 deditas
1103 3783 1246 3847 civitates
1270 3782 1349 3849 di-1

295 3879 399 3945 missis
418 3880 473 3963 qui
489 3875 687 3965 praeessent,
704 3902 745 3945 ne
764 3901 828 3963 qua
844 3878 959 3942 iniuria
977 3879 1010 3941 in
1027 3900 1110 3941 nova
1127 3898 1206 3960 pace
1225 3877 1316 3941 victis

295 3974 401 4052 fieret,
423 3976 614 4058 retentisque
633 3984 711 4059 aput
733 3997 767 4039 se
786 3972 1045 4038 caduceatoribus
1063 3971 1148 4055 regis
1164 3970 1204 4033 P.
1222 3971 1317 4035 Nasi-

296 4089 376 4144 cam,
393 4068 523 4153 ignarus
541 4068 637 4153 fugae
650 4069 746 4154 regis,
763 4066 984 4153 Amphipolim
1001 4064 1087 4129 misit
1104 4086 1176 4129 cum
1190 4064 1315 4129 modica

229 4177 232 4184 ’
295 4161 438 4246 peditum
459 4162 664 4248 equitumque
685 4186 798 4240 manu,
822 4163 915 4227 simul
937 4172 974 4226 ut
992 4159 1134 4227 Sinticen
1158 4168 1314 4224 evastaret
1332 4177 1347 4223 a

296 4264 329 4320 et
345 4256 387 4321 ad
404 4278 511 4325 omnes
530 4269 662 4324 conatus
678 4258 763 4345 regis
780 4257 1006 4345 impedimento
1021 4265 1111 4321 esset.
1140 4253 1222 4318 inter
1237 4255 1314 4317 haec
1334 4266 1350 4313 3
