3384 4975
342 482 385 546 20
555 493 673 552 LIBER
690 490 832 560 XXXXI,
851 490 894 544 21.
907 489 950 542 22.
970 489 1152 559 [anchilo]

340 672 405 716 nec
418 651 472 714 illo
490 671 549 714 nec
566 649 670 733 priore
688 669 772 711 anno
789 647 823 709 in
840 655 930 710 tanta
947 656 1053 728 strage
1072 645 1169 708 bourn
1187 644 1370 711 hominum-
1425 650 1430 665 '

307 766 405 826 sque
436 742 608 807 volturium
637 763 776 824 usquam
805 740 919 803 visum
972 739 1151 803 sacerdotes
1182 739 1302 825 publici
1329 765 1371 805 ea

342 837 522 923 pestilentia
546 836 663 900 mortui
695 847 769 899 sunt
795 831 858 900 Cn.
882 831 1038 898 Servilius
1062 830 1184 918 Caepio
1211 834 1368 920 pontifex,

344 943 433 1016 pater
449 931 617 1014 praetoris,
641 940 673 994 et
690 928 741 993 Ti.
761 927 970 1012 Sempronius
987 925 1038 990 Ti.
1056 926 1139 991 filius
1158 927 1293 1012 Longus
1311 929 1369 993 de-

343 1024 462 1087 cemvir
479 1045 641 1096 sacrorum
659 1035 691 1088 et
707 1022 747 1086 P.
766 1021 880 1086 Aelius
898 1021 1018 1085 Paetus
1038 1042 1141 1104 augur
1159 1031 1191 1100 et
1208 1020 1369 1087 118111-

342 1119 472 1202 pronius
488 1116 654 1183 Gracchus
673 1127 704 1181 et
718 1114 757 1181 C.
767 1116 895 1179 Atellus
908 1114 1074 1178 Mamilius
1093 1115 1180 1179 curio
1205 1115 1366 1180 maximus

309 1208 406 1296 9[et]
433 1211 482 1274 M.
511 1209 719 1294 Sempronius
746 1207 927 1272 Tuditanus
954 1205 1150 1292 [pontifex].
1203 1208 1369 1292 pontifices

342 1304 469 1369 suffecti
485 1316 559 1368 sunt
575 1301 613 1368 C.
626 1302 786 1387 Sulpicius
802 1301 910 1367 Galba
928 1299 976 1387 [in
994 1302 1100 1365 locum
1111 1299 1292 1386 Caepionis,
1302 1350 1311 1367 .
1321 1350 1330 1368 .
1341 1301 1368 1388 .]

341 1398 375 1461 in
400 1399 506 1461 locum
533 1396 695 1461 Tuditani.
749 1417 888 1481 augures
915 1394 1041 1459 suffecti
1068 1405 1141 1458 sunt
1166 1395 1200 1458 in
1227 1393 1371 1462 Gracchi

341 1493 448 1556 locum
466 1491 505 1554 T.
524 1490 676 1556 Veturius
701 1488 868 1555 Gracchus
892 1487 1157 1573 Sempronianus,
1179 1488 1214 1551 in
1234 1487 1274 1551 P.
1291 1490 1371 1554 Aeli

342 1583 384 1666 Q.
408 1584 523 1649 Aelius
545 1585 676 1648 Paetus.
726 1584 886 1648 decemvir
908 1604 1071 1646 sacrorum
1095 1580 1134 1647 C.
1159 1579 1369 1667 Sempronius

342 1679 495 1763 Longus,
522 1678 609 1742 curio
631 1677 790 1741 maximus
814 1674 853 1740 C.
874 1674 1060 1742 Scribonius
1084 1672 1182 1739 Curio
1201 1675 1368 1740 sufficitur.

293 1792 417 1839 locum
443 1771 642 1858 pestilentiae
667 1772 739 1836 finis
761 1793 827 1835 non
848 1771 954 1847 fieret,
980 1779 1110 1834 senatus
1139 1769 1293 1846 decrevit,
1320 1772 1369 1835 uti

293 1886 323 1932 11
344 1865 516 1930 decemviri
540 1865 638 1930 libros
662 1863 835 1950 Sibyllinos
864 1864 997 1928 adirent.
1042 1885 1083 1926 ex
1109 1862 1235 1927 decreto
1258 1885 1370 1928 eorum

344 1959 428 2024 diem
445 1981 546 2024 unum
563 1959 752 2045 supplicatio
770 1958 841 2036 fuit,
861 1968 893 2022 et
907 1957 948 2038 Q.
962 1956 1087 2021 Marcio
1101 1956 1252 2042 Philippo
1269 1957 1370 2022 verba

342 2064 515 2138 praeeunte
542 2051 679 2140 populus
706 2053 740 2117 in
765 2052 835 2118 foro
863 2064 975 2117 votum
1003 2052 1161 2137 concepit,
1189 2053 1215 2117 si
1237 2054 1369 2119 morbus

341 2147 584 2232 pestilentiaque
618 2171 658 2212 ex
689 2169 767 2232 agro
792 2141 940 2212 Romano
973 2157 1079 2212 emota
1105 2151 1203 2222 esset,
1233 2146 1370 2212 biduum

293 2262 324 2309 12
342 2239 438 2306 ferias
456 2262 494 2305 ac
517 2241 780 2326 supplicationem
798 2264 832 2306 se
855 2240 1048 2305 habiturum.
1092 2240 1126 2303 in
1144 2239 1272 2305 Veienti
1290 2263 1369 2326 agro

342 2333 450 2417 biceps
476 2345 571 2399 natus
597 2357 690 2418 puer,
718 2345 750 2399 et
772 2332 945 2399 Sinuessae
968 2333 1153 2410 unimanus,
1180 2343 1212 2398 et
1235 2333 1371 2399 Auximi

341 2427 449 2511 puella
467 2448 540 2491 cum
554 2427 716 2505 dentibus;
735 2438 766 2493 et
783 2450 876 2492 arcus
895 2427 1035 2492 interdiu
1047 2449 1157 2493 sereno
1172 2427 1258 2493 caelo
1274 2450 1370 2513 super

342 2521 454 2585 aedem
472 2520 603 2587 Saturni
628 2522 663 2586 in
688 2523 758 2587 foro
775 2523 922 2588 Romano
944 2522 1099 2598 intentus,
1127 2533 1158 2587 et
1184 2532 1247 2587 tres
1275 2523 1370 2589 simul

292 2635 323 2682 13
342 2615 424 2679 soles
443 2616 642 2694 effulserunt,
660 2626 693 2682 et
709 2616 796 2681 faces
810 2616 924 2683 eadem
937 2627 1030 2682 nocte
1047 2617 1154 2700 plures
1172 2639 1230 2702 per
1245 2616 1370 2683 caelum

341 2710 450 2795 lapsae
464 2721 538 2775 sunt
552 2722 584 2775 et
596 2710 821 2790 inLanuvino,
829 2708 1045 2795 'Caeritesque
1054 2733 1194 2795 anguem
1207 2712 1241 2774 in
1250 2712 1369 2795 oppido

340 2826 399 2867 suo
425 2804 586 2881 iubatum,
614 2808 698 2869 ravis
721 2805 854 2870 maculis
877 2828 1039 2890 sparsum,
1066 2806 1250 2891 apparuisse
1273 2806 1369 2870 adfir-

340 2898 486 2973 mabant;
511 2909 542 2961 et
563 2898 597 2961 in
619 2920 696 2982 agro
715 2897 882 2984 Campano
907 2899 1023 2964 bovem
1040 2900 1183 2964 locutum
1201 2921 1269 2965 esse
1287 2900 1366 2965 satis

342 2989 517 3053 constabat.

309 3102 322 3148 1
405 3081 525 3149 XXII.
552 3081 671 3167 Legati
688 3084 780 3148 nonis
797 3084 900 3149 Iuniis
919 3108 960 3149 ex
977 3084 1091 3151 Africa
1113 3088 1288 3165 redierunt,
1311 3090 1368 3171 qui

341 3187 497 3240 convento
516 3176 604 3261 prius
618 3175 791 3242 Masinissa
808 3201 885 3264 rege
900 3176 1130 3264 Carthaginem
1147 3181 1249 3247 ierant
1254 3206 1264 3259 ς
1283 3193 1369 3248 cete-

341 3290 413 3332 rum
430 3269 545 3333 certius
569 3270 747 3352 aliquanto,
774 3293 857 3353 quae
877 3270 1072 3357 Carthagine
1090 3284 1161 3339 acta
1179 3285 1297 3352 essent,
1325 3277 1368 3340 ab

308 3381 323 3432 2
340 3385 417 3448 rege
435 3363 605 3428 rescierant
621 3385 718 3447 quam
732 3364 774 3427 ab
791 3365 868 3450 ipsis
880 3363 1207 3451 Carthaginiensibus.
1235 3392 1369 3455 conper-

340 3467 409 3523 tum
426 3469 534 3523 tamen
549 3456 807 3535 adfirmaverunt,
826 3460 949 3544 legatos
965 3459 1006 3524 ab
1019 3483 1096 3545 rege
1104 3461 1225 3527 Perseo
1242 3463 1368 3531 venisse

339 3553 441 3637 iisque
459 3562 558 3618 noctu
576 3564 723 3618 senatum
739 3552 774 3616 in
792 3552 871 3617 aede
888 3553 1063 3639 Aesculapi
1082 3555 1193 3619 datum
1210 3578 1289 3621 esse.
1326 3558 1368 3621 ab

341 3644 539 3733 Carthagine
560 3648 684 3732 legatos
706 3647 741 3711 in
757 3647 986 3713 Macedoniam
1006 3649 1120 3714 missos
1139 3659 1171 3714 et
1193 3674 1250 3715 rex
1273 3652 1369 3716 adfir-

307 3758 322 3805 3
339 3752 481 3806 moverat
500 3753 532 3807 et
549 3742 612 3826 ipsi
627 3761 742 3825 parum
760 3753 942 3807 constanter
963 3753 1168 3828 negaverant.
1203 3743 1239 3808 in
1255 3744 1370 3811 Mace-

340 3832 468 3897 doniam
489 3856 617 3917 quoque
639 3834 810 3898 mittendos
826 3834 950 3919 legatos
972 3848 1101 3901 senatus
1126 3838 1259 3903 censuit.
1303 3851 1368 3904 tres

339 3924 533 4029 missisunt,
562 3925 600 3992 C.
619 3928 767 4004 Laelius,
793 3926 842 3991 M.
861 3929 1009 3995 Valerius
1027 3928 1183 4008 Messala,
1212 3931 1288 3999 Sex.
1306 3933 1370 3997 Di·

376 4026 448 4079 trus.

306 4037 375 4178 cg]
404 4107 543 4175 Perseus
565 4137 622 4197 per
644 4117 678 4180 id
699 4127 841 4201 tempus,
868 4115 946 4198 quia
967 4115 1097 4197 quidam
1115 4109 1280 4206 Dolopum
1302 4144 1368 4188 non

334 4202 494 4301 'parebant
513 4208 602 4272 etde
620 4211 736 4294 quibus
755 4210 978 4296 ambigebatur
994 4209 1090 4274 rebus
1104 4212 1367 4299 disceptationem
