3384 4975
504 522 623 579 amau
638 523 828 591 xxxma,
849 522 891 578 ro.
905 523 947 578 11.
968 521 1120 592 [aenea]
1262 508 1324 575 117

296 705 361 749 non
378 682 483 747 miuus
502 690 664 767 ceperunt.
708 701 769 743 nec
786 678 875 742 aliud
892 700 988 762 quarn
1012 679 1124 745 ultima
1140 679 1322 757 necessitas,
1344 702 1375 750 1o

297 803 370 844 cum
396 779 538 863 recipere
564 798 599 841 se
618 785 694 839 tuto
722 775 763 838 ad
789 796 888 838 naves
914 774 1170 859 prohiberentur,
1202 775 1323 841 animos

296 873 432 937 militum
440 872 660 935 Romanorum
673 867 767 932 simul
782 867 1002 952 desperatione
1016 868 1078 932 alia
1092 871 1211 947 salutis,
1230 870 1324 935 simul

297 965 487 1050 indignitate
514 962 664 1026 inritavit.
713 962 931 1046 redintegrata
952 961 985 1025 in
1012 961 1104 1027 litore
1128 986 1239 1048 pugna
1260 973 1323 1039 est;
1344 983 1373 1030 11

298 1060 448 1124 adiuvere
467 1057 522 1140 qui
544 1056 579 1119 in
600 1055 738 1121 navibus
756 1068 856 1119 erant.
899 1055 945 1119 ibi
961 1056 1178 1121 Macedonum
1196 1056 1325 1122 ducenti

297 1153 398 1219 ferme
417 1151 511 1228 caesi,
528 1173 588 1236 par
604 1172 756 1214 uumerus
775 1160 897 1235 captus.

362 1247 417 1310 Ab
427 1246 612 1330 Antigonea
630 1244 739 1308 classis
755 1244 900 1329 profecta
919 1243 960 1307 ad
978 1265 1091 1329 agrum
1100 1245 1325 1310 Pallenensem

298 1339 513 1406 escensionem
536 1339 578 1402 ad
599 1333 820 1423 populandum
841 1338 927 1402 fecit.
952 1338 1083 1407 *finium
1105 1339 1132 1402 is
1150 1361 1227 1424 ager
1246 1335 1325 1402 Cas·
1344 1359 1375 1404 12

297 1434 516 1500 sandreusium
534 1445 617 1508 crat,
643 1433 739 1518 longe
757 1432 971 1497 fertilissimus
990 1433 1092 1498 omnis
1111 1454 1199 1509 orac,
1227 1453 1324 1516 quam

296 1530 505 1615 praetervecti
522 1528 659 1594 fuerant.
704 1528 751 1593 ibi
768 1527 933 1593 Eumenes
951 1550 1008 1593 rex
1026 1529 1140 1615 viginti
1157 1529 1248 1594 tectis
1266 1552 1324 1593 na-

296 1624 390 1688 vibus
408 1624 450 1686 ab
466 1623 548 1687 Elea
570 1621 733 1708 profectus
751 1622 867 1689 obvius
890 1623 965 1699 fuit,
990 1633 1021 1688 et
1045 1624 1186 1707 quinque
1208 1623 1325 1691 missac

296 1742 316 1782 a
332 1717 448 1781 Prusia
465 1740 542 1803 rege
559 1728 663 1782 tectae
680 1740 790 1782 naves.

359 1811 423 1874 Xl.
450 1812 524 1876 Hac
542 1812 657 1876 virium
671 1811 852 1877 accessione
871 1813 995 1876 animus
1010 1810 1109 1876 crevit
1125 1810 1275 1897 praetori,
1288 1822 1325 1876 ut
1344 1828 1356 1874 1

297 1904 532 1970 Cassandream
550 1919 760 1991 oppugnaret.
797 1906 926 1971 condita
943 1917 991 1971 est
1009 1930 1028 1970 a
1047 1903 1230 1972 Cassandro
1247 1929 1324 1992 rege
1343 1922 1358 1968 2

295 1999 330 2063 in
347 1999 424 2084 ipsis
442 1999 600 2076 faucibus,
618 2021 702 2083 quae
710 1999 935 2065 Pallenensem
948 2023 1062 2085 agrum
1081 2010 1204 2066 ceterae
1212 2000 1325 2066 Mace·

297 2093 411 2157 doniae
429 2093 577 2178 iungunt,
594 2093 669 2157 hinc
687 2095 881 2169 Toronaico,
899 2093 974 2157 hinc
986 2093 1198 2158 Macedonico
1213 2104 1324 2178 saepta

298 2186 419 2272 [mari].
465 2188 583 2252 eminet
604 2211 743 2273 namque
766 2188 800 2252 in
818 2189 918 2252 altum
939 2189 1050 2272 lingua
1066 2188 1182 2270 inqua
1200 2188 1260 2252 sita
1277 2199 1326 2252 est
1344 2203 1358 2249 3

296 2303 356 2345 nec
370 2281 582 2369 minusquam
594 2282 722 2347 inclitus
735 2282 957 2368 magnitudine
965 2282 1056 2347 Atho
1068 2303 1161 2346 mons
1175 2281 1324 2360 excurrit,

296 2376 432 2440 obversa
453 2375 486 2439 in
507 2376 671 2461 regionem
695 2377 886 2462 Magnesiae
911 2377 1036 2442 duobus
1061 2375 1226 2461 inparibus
1249 2397 1326 2461 pro·

296 2468 478 2545 munturiis,
506 2492 642 2553 quorum
655 2464 776 2536 'maiori
793 2471 969 2537 Posideum
986 2481 1034 2537 est
1051 2494 1184 2548 nomen,
1210 2469 1325 2535 minori

298 2561 541 2627 Canastraeum.
569 2564 677 2628 divisis
695 2564 840 2649 partibus
859 2588 1046 2651 oppugnare
1064 2565 1178 2630 adorti.
1204 2564 1325 2629 Roma·
1342 2585 1359 2630 4

296 2680 358 2721 nus
376 2656 418 2719 ad
437 2654 538 2720 Clitas
561 2678 642 2740 quas
665 2670 780 2722 vocant
797 2661 1010 2734 munimenta,
1033 2660 1134 2725 cervis
1153 2658 1250 2723 etiam
1268 2658 1325 2723 ob·

296 2752 396 2828 iectis,
412 2762 448 2814 ut
462 2750 547 2815 viam
560 2751 795 2830 intercluderet,
811 2754 1051 2818 aMacedonico
1061 2754 1103 2816 ad
1112 2752 1326 2817 Toronaicum

297 2868 384 2910 mare
401 2845 557 2930 perducit.
594 2846 635 2911 ab
653 2847 753 2912 altera
770 2859 862 2933 parte
881 2848 1010 2933 euripus
1029 2857 1089 2924 est;
1112 2847 1187 2912 inde
1204 2844 1325 2910 Eume-

297 2963 354 3004 nes
382 2940 600 3025 0ppugnabat.
654 2941 808 3006 Romanis
834 2941 867 3006 in
894 2941 981 3006 fossa
1008 2940 1199 3027 conplenda,
1226 2961 1357 3024 quamn

298 3057 398 3118 nuper
412 3034 571 3099 obiecerat
579 3034 728 3112 Perseus,
747 3037 921 3121 plurimum
935 3046 1002 3102 erat
1014 3037 1141 3101 laboris.
1168 3035 1213 3100 ibi
1227 3057 1325 3120 quae-

237 3178 243 3195 .
297 3129 379 3192 renti
405 3130 557 3213 praetori,
583 3130 660 3212 quia
686 3152 847 3215 nusquam
874 3131 993 3196 cumuli
1020 3130 1232 3217 apparebant,
1260 3152 1324 3212 quo

298 3234 424 3307 regesta
442 3246 459 3288 c
477 3223 565 3287 fossa
581 3236 666 3289 terra
683 3224 780 3301 foret,
802 3226 970 3290 monstrati
989 3238 1064 3290 sunt
1081 3226 1232 3289 fornices:
1260 3247 1325 3288 non

299 3317 341 3380 ad
358 3318 491 3381 eandem
509 3317 750 3383 crassitudinem
768 3340 834 3402 qua
851 3331 992 3385 veterem
1010 3342 1151 3395 murum,
1175 3318 1232 3382 sed
1249 3318 1325 3382 sim·

299 3409 373 3494 plici
391 3410 526 3474 laterum
543 3411 654 3477 ordine
672 3424 808 3476 structos
827 3435 906 3477 esse.
943 3412 1110 3477 consilium
1127 3412 1224 3496 igitur
1241 3411 1326 3495 cepit
1344 3432 1358 3476 o

300 3502 474 3567 transfosso
491 3504 612 3587 pariete
634 3506 694 3570 iter
716 3506 750 3569 in
768 3505 882 3569 urbem
906 3505 1096 3588 patefacere.
1140 3507 1251 3569 fallere
1270 3527 1327 3567 au-

301 3605 365 3657 tem
387 3595 433 3657 ita
454 3618 488 3659 se
512 3617 619 3678 posse,
647 3598 674 3661 si
700 3620 809 3660 muros
832 3620 852 3660 a
877 3608 968 3682 parte
990 3598 1052 3664 alia
1078 3598 1170 3661 scalis
1197 3597 1326 3661 adortus

300 3689 440 3751 tumultu
470 3688 586 3753 iniecto
618 3690 653 3753 in
683 3690 861 3754 custodiam
894 3690 962 3754 eius
988 3691 1049 3754 loci
1074 3702 1326 3777 propugnatores

300 3782 389 3848 urbis
407 3784 582 3849 avertisset.
621 3795 711 3850 erant
726 3784 761 3850 in
777 3784 935 3869 praesidio
954 3781 1182 3862 Cassandreae,
1200 3795 1326 3871 praeter
1345 3809 1358 3853 7

300 3900 365 3943 non
383 3878 647 3943 contemnendam
668 3880 868 3945 iuventutem
886 3879 1132 3965 oppidanorum,
1151 3881 1326 3965 octingenti

300 3972 461 4058 Agrianes
479 3985 511 4039 et
528 3974 592 4038 duo
610 3974 697 4039 milia
706 3974 920 4041 Penestarum
932 3974 1124 4060 Illyriorum,
1144 3973 1326 4041 aPleurato

300 4068 375 4133 inde
398 4067 502 4146 missi,
527 4068 713 4134 bellicosum
738 4081 910 4154 utrumque
932 4092 1045 4155 genus.
1089 4069 1138 4134 his
1164 4070 1359 4137 tuentibusa

301 4184 419 4238 muros,
433 4185 506 4228 cum
521 4164 627 4229 subire
637 4164 775 4229 Romani
791 4187 916 4229 summa
924 4166 958 4229 vi
970 4163 1153 4241 niterentur,
1167 4176 1326 4228 momento

302 4257 453 4342 temporis
474 4258 611 4344 parietes
633 4260 791 4325 fornicum
809 4259 946 4345 perfossi
962 4259 1075 4325 urbem
1097 4258 1325 4345 patefecerunt.
