3384 4975
463 515 581 571 mam
597 514 1062 585 xxxxtr,44-4a[a.c.171]
1237 501 1280 568 65

255 674 318 761 [et]
332 675 503 759 separatim
521 671 655 756 singulis
673 671 804 733 fuerunt
818 671 861 732 ad
877 672 1092 734 renovandam
1111 673 1281 738 amicitiam

252 771 399 834 mittendi
425 769 563 832 Romam
592 767 726 848 legatos.
780 774 854 827 ante
881 766 987 828 omnia
1019 767 1128 829 exules
1158 769 1313 836 restituit

252 866 414 928 iusserunt
428 873 460 925 et
472 871 617 923 auctores
631 857 739 940 regiae
757 857 915 920 societatis
930 858 1057 921 decreto
1075 880 1131 922 suo
1150 860 1281 924 damna-

252 971 338 1022 runt.
391 957 451 1030 ita,
478 953 566 1036 quod
591 974 741 1015 maxume
768 950 932 1028 volebant,
959 952 1101 1014 discusso
1128 953 1280 1018 Boeotico

254 1051 389 1114 concilio
402 1047 661 1131 Peloponnesum
678 1046 922 1130 proficiscuntur
938 1044 1008 1111 Ser.
1021 1044 1169 1111 Cornelio
1184 1047 1281 1112 Chal-

255 1143 361 1206 cidem
379 1141 541 1205 accersita.
584 1140 684 1224 Argis
701 1138 884 1223 praebitum
902 1151 950 1204 est
967 1140 1006 1203 iis
1025 1140 1208 1218 concilium3
1226 1143 1281 1204 ubi
1300 1162 1314 1207 7

255 1259 306 1299 res
327 1233 395 1318 [...
413 1232 505 1317 nihil]
520 1233 608 1296 aliud
625 1255 645 1296 a
662 1245 759 1317 gente
772 1232 979 1297 Achaeorum
997 1234 1167 1317 petierunt,
1186 1255 1282 1316 quam

254 1340 292 1391 ut
305 1327 390 1391 mille
404 1327 519 1391 milites
533 1327 654 1391 darent.
681 1325 716 1388 id
729 1326 923 1410 praesidium
938 1327 980 1390 ad
990 1325 1177 1390 Chalcidem
1191 1336 1283 1390 tuen·
1301 1344 1315 1391 8

255 1422 344 1496 dam,
366 1422 443 1484 dum
466 1421 631 1485 Romanus
655 1420 812 1483 exercitus
835 1419 870 1483 in
892 1418 1064 1485 Graeciam
1086 1420 1281 1496 traiceretur,

253 1515 386 1578 missum
405 1525 462 1577 est
489 1514 633 1578 Marcius
651 1524 684 1576 et
700 1513 820 1576 Atilius
838 1514 985 1596 peractis,
1004 1534 1087 1596 quae
1105 1514 1231 1598 agenda
1248 1513 1282 1576 in

253 1607 394 1694 Graecia
411 1617 510 1682 erant,
528 1607 684 1692 principio
702 1606 815 1674 hiemis
833 1607 972 1671 Romam
989 1608 1160 1671 redierunt.

316 1700 506 1766 XXXXV.
532 1701 614 1765 Inde
635 1701 754 1786 legatio
776 1701 837 1765 sub
859 1702 946 1766 idem
968 1712 1094 1786 tempus
1116 1701 1150 1764 in
1167 1701 1281 1765 Asiam
1301 1720 1312 1764 1

254 1794 321 1880 [ac]
337 1795 456 1859 cimum
470 1795 591 1859 insulas
604 1797 712 1859 missa.
738 1807 803 1860 tres
817 1806 908 1860 erant
925 1797 1033 1881 legati,
1051 1797 1102 1859 Ti.
1114 1794 1279 1870 Claudius,
1300 1812 1314 1857 2

254 1887 312 1973 Sp.
330 1889 526 1965 Postumius,
544 1889 595 1953 M.
613 1891 736 1954 Iunius.
780 1891 804 1954 ii
821 1890 1053 1954 circumeuntes
1072 1890 1280 1954 hortabantur

252 1983 356 2047 socios
380 1983 422 2046 ad
444 1982 683 2067 suscipiendum
706 1984 859 2047 adversus
876 1983 998 2048 Persea
1019 1983 1108 2071 [pro]
1127 1984 1279 2047 Romanis

253 2078 374 2140 bellum
395 2085 428 2138 et
450 2096 513 2158 quo
531 2096 678 2159 quaeque
697 2077 876 2160 opulentior
894 2078 1004 2140 civitas
1023 2088 1108 2152 erat,
1131 2098 1169 2139 eo
1187 2097 1281 2140 accu-

251 2162 353 2234 ratius
371 2169 520 2254 agebant,
539 2169 615 2251 quia
632 2170 770 2233 minores
788 2180 955 2234 secuturae
971 2170 1128 2232 maiorum
1146 2170 1281 2231 auctori·

251 2274 352 2326 tatem
376 2273 474 2326 erant.
520 2262 629 2326 Rhodi
652 2263 794 2329 maxumi
816 2263 859 2327 ad
881 2263 988 2327 omnia
1009 2262 1161 2326 momenti
1182 2261 1281 2324 habe·
1299 2277 1313 2321 3

252 2358 384 2432 bantur,
410 2356 487 2438 quia
512 2378 577 2420 non
602 2356 711 2420 favere
737 2367 876 2433 tantum,
904 2357 961 2421 sed
987 2355 1138 2420 adiuvare
1160 2354 1280 2419 viribus

251 2450 319 2514 suis
342 2450 463 2513 bellum
484 2460 646 2534 poterant,
675 2451 888 2537 quadraginta
909 2451 1046 2515 navibus
1064 2462 1193 2515 auctore
1211 2450 1280 2514 He·
1367 2454 1369 2461 “

252 2543 415 2628 gesilocho
440 2545 652 2627 praeparatis,
685 2546 740 2628 qui
767 2566 840 2608 cum
871 2546 905 2608 in
936 2566 1059 2624 summo
1091 2545 1315 2627 magistratus

253 2648 339 2701 esset
355 2672 400 2682 -
416 2638 567 2720 prytanin
588 2638 649 2721 ipsi
672 2649 787 2701 vocant
804 2673 847 2683 -
863 2638 971 2701 multis
990 2636 1186 2700 orationibus
1209 2659 1281 2720 per-

252 2734 375 2797 vicerat
391 2732 551 2808 Rhodios,
578 2743 615 2795 ut
632 2731 763 2809 omissa,
792 2753 889 2815 quarn
911 2753 1007 2816 saepe
1025 2753 1140 2795 vanam
1159 2732 1281 2813 experti

254 2837 373 2902 essent,
403 2848 518 2911 regum
549 2825 760 2890 fovendorum
792 2849 849 2910 spe
875 2826 1055 2891 Romanam
1087 2824 1279 2900 societatem,

253 2943 351 2984 unam
369 2931 437 2983 tum
454 2920 488 2982 in
506 2919 597 2983 terris
615 2922 666 2984 vel
689 2920 809 2984 viribus
831 2921 883 2984 vel
901 2920 963 2984 fide
982 2919 1142 2995 stabilem,
1165 2919 1280 2983 retine·

253 3024 337 3077 rent:
355 3013 476 3077 bellum
493 3014 657 3079 imminere
676 3036 750 3077 cum
763 3013 884 3078 Perseo
890 3038 899 3091 ;
919 3014 1152 3078 desideraturos
1161 3013 1280 3077 Roma·
1298 3030 1312 3075 a

252 3126 311 3170 nos
330 3108 467 3171 eundem
484 3108 631 3172 navalem
649 3120 853 3192 apparatum,
876 3129 974 3192 quem
996 3130 1099 3192 nuper
1114 3107 1278 3183 Antiochi,

253 3222 350 3283 quem
374 3200 517 3287 Philippi
542 3214 615 3267 ante
648 3204 731 3266 bello
758 3203 920 3267 vidissent.
974 3203 1185 3287 trepidaturos
1211 3215 1313 3266 tuma

253 3306 387 3380 repente
403 3297 545 3380 paranda
563 3298 678 3373 classe,
697 3320 770 3361 cum
787 3299 942 3362 mittenda
961 3308 1054 3373 esset,
1072 3296 1134 3359 nisi
1150 3297 1280 3360 reficere

253 3412 363 3466 naves,
378 3390 439 3453 nisi
452 3392 606 3454 instruere
620 3391 788 3454 navalibus
802 3391 896 3455 sociis
910 3391 1097 3474 coepissent.
1126 3409 1163 3452 eo
1177 3389 1280 3472 magis

255 3483 350 3547 enixe
366 3484 553 3546 faciundum
571 3506 651 3558 esse,
669 3495 706 3546 ut
724 3483 857 3546 crimina
875 3484 980 3545 delata
998 3483 1039 3544 ab
1053 3481 1200 3544 Eumene
1217 3480 1281 3542 fide

255 3597 363 3639 rerum
376 3576 566 3638 refellerent.
592 3576 642 3639 his
655 3575 777 3638 incitati
786 3576 999 3658 quadraginta
1008 3574 1139 3636 navium
1148 3574 1281 3635 classem
1300 3593 1313 3637 t

254 3670 444 3733 instructam
471 3676 677 3750 ornatamque
707 3668 821 3750 legatis
848 3666 1002 3730 Romanis
1029 3665 1280 3741 advenientibus,

254 3773 375 3826 utnon
397 3770 596 3845 expectatam
619 3761 870 3824 adhortationem
888 3783 957 3826 esse
975 3772 1154 3845 appareret,
1177 3771 1281 3824 osten-

256 3858 383 3920 derunt.
415 3867 448 3920 et
464 3855 543 3919 haec
560 3854 679 3940 legatio
697 3878 850 3940 magnum
869 3856 910 3919 ad
928 3856 1141 3919 conciliandos
1159 3855 1280 3919 animos
1298 3876 1313 3923 8

258 3949 433 4015 civitatium
454 3949 555 4013 Asiae
581 3961 776 4013 momentum
803 3950 873 4014 fuit.
924 3948 1089 4014 Decimius
1107 3970 1189 4012 unus
1212 3947 1295 4029 sine,

257 4045 323 4108 ullo
340 4044 466 4120 effectu,
486 4054 650 4128 captarum
668 4045 762 4130 etiam
780 4045 988 4128 pecuniarum
1006 4042 1048 4107 ab
1065 4042 1194 4127 regibus
1202 4043 1279 4127 Illy-

256 4140 377 4202 riorum
395 4138 574 4222 suspicione
592 4139 730 4216 infamis,
749 4139 886 4203 Romam
903 4138 1007 4201 rediit.

321 4232 528 4299 XXXXVI.
555 4233 693 4299 Perseus
716 4258 790 4298 cum
812 4234 854 4299 ab
877 4232 1044 4317 conloquio
1062 4232 1279 4297 Romanorum
1300 4254 1312 4297 r

309 4334 447 4376 biritolll'.
1098 4333 1115 4387 5
