3384 4975
343 481 406 547 126
536 495 653 550 LIBER
669 494 859 564 XXXXIIII,
878 494 920 548 21.
936 494 979 547 22:
998 498 1071 562 [au
1082 511 1105 549 c.
1115 497 1178 564 586]

308 675 325 722 4
342 652 487 717 vinciam·
497 652 746 737 proficiscantur.
774 650 901 714 additus
920 661 968 716 est
983 651 1033 715 his
1051 652 1163 715 tertius
1177 652 1218 715 L.
1232 651 1369 720 Anicius

250 756 252 764 '
341 758 484 832 praetor,
510 746 600 811 cuius
622 745 705 809 inter
727 745 912 830 peregrinos
933 744 1107 808 iurisdictio
1130 756 1212 823 erat3
1240 769 1314 812 eum
1336 749 1370 813 in

340 839 538 926 provinciam
555 839 720 924 Illyricum
738 839 823 903 circa
840 838 1045 923 Lychnidum
1059 840 1124 924 Ap.
1141 837 1279 905 Claudio
1298 865 1370 908 suc-

308 957 323 1003 5
342 933 455 999 cedere
471 933 601 1019 placuit.
628 934 761 998 dilectus
779 954 856 997 cura
875 929 914 997 C.
933 932 1060 997 Licinio
1079 934 1201 998 consuli
1220 934 1368 1020 inposita.

342 1027 369 1091 is
387 1038 508 1113 septem
532 1027 620 1092 milia
643 1028 760 1093 civium
778 1027 997 1093 Romanorum
1020 1039 1051 1092 et
1074 1028 1195 1112 equites
1214 1030 1368 1096 ducentos

309 1143 324 1190 6
343 1122 479 1187 scribere
497 1122 612 1199 iussus,
631 1134 662 1187 et
681 1123 774 1187 sociis
791 1123 927 1187 nominis
941 1123 1051 1186 Latini
1069 1136 1190 1209 septem
1209 1126 1296 1190 milia
1313 1150 1370 1212 pe·

309 1239 323 1284 7
342 1215 444 1279 ditum
466 1215 638 1301 imperare,
666 1216 914 1302 quadringentos
937 1217 1073 1299 equites,
1101 1228 1133 1281 et
1151 1214 1212 1282 Cn.
1231 1217 1368 1284 Servilio

342 1306 483 1375 Galliam
492 1310 645 1394 optinenti
655 1310 852 1394 provinciam
860 1311 980 1376 litteras
996 1311 1131 1386 mittere,
1151 1322 1187 1374 ut
1207 1322 1367 1376 sescentos

308 1425 323 1473 8
343 1405 465 1487 equites
483 1404 703 1468 conscriberet.
739 1403 824 1469 hunc
842 1405 1016 1470 exercitum
1034 1405 1076 1469 ad
1094 1407 1247 1491 collegam
1263 1407 1368 1491 primo

341 1521 470 1583 quoque
488 1509 629 1585 tempore
647 1499 772 1564 mittere
789 1500 823 1563 in
832 1499 1057 1565 Macedoniam
1074 1500 1194 1565 iussus:
1212 1521 1316 1584 neque
1333 1501 1369 1564 in

342 1615 381 1657 ea
398 1593 561 1677 provincia
581 1594 653 1678 plus
676 1615 772 1676 quam
792 1595 872 1658 duas
893 1594 1035 1679 legiones
1055 1617 1138 1671 esse3
1165 1617 1219 1658 eas
1242 1594 1369 1679 repleri,

342 1698 379 1750 ut
397 1709 473 1750 sena
485 1686 573 1751 milia
590 1686 743 1772 peditum,
761 1699 905 1752 trecenos
922 1688 1076 1752 haberent
1091 1688 1228 1771 equites3
1247 1700 1369 1754 ceteros

309 1799 323 1846 9
341 1780 464 1864 pedites
477 1780 663 1865 equitesque
676 1781 711 1844 in
727 1781 892 1867 praesidiis
907 1781 1047 1867 disponi;
1069 1782 1125 1866 qui
1138 1804 1248 1846 eorum
1262 1782 1369 1846 idonei

281 1922 285 1933 ,
342 1873 384 1936 ad
400 1872 601 1940 militandum
614 1897 679 1939 non
693 1886 808 1951 essent,
827 1875 952 1938 dimitti.
980 1875 1090 1940 decem
1104 1887 1268 1961 praeterea
1281 1876 1370 1948 milia

295 1988 324 2037 lo
342 1967 487 2051 peditum
503 1966 658 2053 imperata
676 1969 769 2033 sociis
788 1979 819 2034 et
833 1968 1009 2054 octingenti
1023 1969 1155 2053 equites.
1182 1969 1217 2032 id
1229 1969 1369 2054 praesidi

341 2061 485 2124 additum
506 2061 623 2126 Anicio
645 2073 772 2148 praeter
794 2063 874 2128 duas
898 2063 1056 2148 legiones,
1084 2084 1163 2146 quas
1185 2074 1312 2148 portare
1335 2062 1369 2125 in

341 2154 566 2220 Macedoniam
585 2168 634 2221 est
650 2157 771 2234 iussus,
794 2157 892 2241 quina
908 2158 996 2221 milia
1018 2157 1161 2242 peditum
1179 2167 1211 2221 et
1229 2158 1368 2221 ducenos

340 2248 509 2327 habentes,
534 2262 677 2316 trecenos
696 2251 828 2335 equites.
874 2251 955 2316 etin
973 2252 1107 2315 classem
1125 2251 1264 2335 quinque
1280 2251 1368 2314 milia

291 2364 321 2410 11
340 2344 502 2407 navalium
525 2345 647 2408 socidrn
670 2359 743 2409 sunt
765 2345 893 2429 scripta.
938 2345 1083 2409 Licinius
1111 2346 1220 2409 consul
1242 2345 1368 2409 duabus

341 2437 520 2523 legionibus
538 2438 681 2524 optinere
702 2438 900 2524 provinciam
921 2439 1027 2504 iussus
1033 2463 1042 2517 3
1070 2460 1109 2506 eo
1126 2438 1243 2505 addere
1267 2438 1369 2505 socio·

340 2555 412 2595 rum
431 2532 541 2597 decem
559 2533 646 2598 milia
663 2533 807 2619 peditum
825 2545 857 2598 et
874 2545 1035 2599 sescentos
1054 2532 1185 2617 equites.

309 2646 322 2691 1
405 2624 525 2690 XXII.
554 2625 693 2695 Senatus
708 2628 860 2693 consultis
873 2628 1022 2714 perfectis
1032 2627 1073 2690 L.
1083 2626 1241 2691 Aemilius
1256 2626 1366 2690 consul

341 2721 456 2785 ecuria
464 2721 498 2785 in
507 2722 687 2787 contionem
695 2723 849 2807 processit
859 2722 1096 2805 orationemque
1106 2721 1202 2784 talem
1210 2716 1366 2805 [habuit].

308 2815 616 2882 2‘animadvertisse
642 2816 766 2894 videor,
795 2815 952 2898 Quirites,
979 2815 1131 2879 maiorem
1156 2814 1235 2877 mihi
1257 2810 1367 2878 sortito

340 2908 567 2973 Macedoniam
584 2910 779 2994 provinciam
792 2911 1037 2995 gratulationem
1050 2910 1167 2974 factam
1183 2931 1279 2993 quam
1293 2930 1366 2973 cum

342 3013 398 3066 aut
420 3005 530 3067 consul
551 3026 623 3067 sum
645 3005 876 3081 consalutatus,
903 3015 959 3069 aut
981 3025 1044 3088 quo
1069 3005 1119 3068 die
1145 3005 1366 3090 magistratum

307 3115 323 3161 3
341 3096 397 3160 inii
414 3096 530 3182 ipsum,
547 3118 651 3182 neque
669 3098 702 3162 id
716 3099 758 3163 ob
776 3098 871 3162 aliam
887 3120 1017 3162 causam
1034 3120 1131 3182 quam
1145 3097 1220 3182 quia
1236 3096 1320 3161 bello
1334 3096 1369 3159 in

340 3190 543 3267 Macedonia,
561 3192 647 3275 quod
665 3192 721 3255 diu
738 3192 882 3268 trahitur,
901 3192 1103 3257 existimastis
1117 3192 1250 3277 dignum
1268 3189 1368 3253 maie-

341 3296 422 3351 state
444 3286 554 3371 populi
571 3284 708 3351 Romani
726 3285 848 3351 exitum
869 3308 927 3371 per
943 3310 994 3351 me
1016 3286 1125 3371 inponi
1142 3307 1245 3372 posse.
1291 3284 1369 3347 deos

341 3402 469 3464 quoque
486 3380 561 3444 huic
584 3380 701 3445 favisse
723 3380 799 3444 sorti
817 3401 910 3466 spero
929 3380 1122 3463 eosdemque
1145 3379 1178 3442 in
1195 3379 1291 3443 rebus
1310 3399 1368 3462 ge-

307 3474 445 3540 trendis
476 3473 642 3538 adfuturos
673 3496 752 3539 esse.
804 3472 885 3539 haec
917 3474 1034 3560 partim
1068 3472 1216 3548 ominari,
1251 3471 1368 3557 partim

341 3591 469 3656 sperare
491 3590 631 3655 possum.
674 3569 754 3634 illud
777 3568 945 3635 adfirmare
971 3592 1029 3655 pro
1059 3578 1144 3633 certo
1171 3566 1289 3641 audeo,
1317 3587 1369 3629 me

342 3664 428 3727 omni
445 3686 506 3748 ope
524 3663 710 3727 adnisurum
727 3686 807 3741 esse,
827 3661 899 3750 [ne]
914 3664 1031 3728 frustra
1045 3686 1101 3728 vos
1118 3661 1201 3726 hanc
1219 3682 1310 3746 spem
1328 3659 1369 3723 de

307 3774 393 3823 ame
417 3756 634 3841 conceperitis.
679 3779 761 3840 quac
784 3757 827 3821 ad
849 3757 969 3823 bellum
991 3780 1071 3842 opus
1093 3766 1217 3820 suntet
1239 3762 1370 3817 senatus

341 3850 491 3926 decrevit,
510 3859 542 3915 et
556 3850 706 3933 quoniam
721 3851 881 3935 extemplo
894 3850 1052 3936 proficisci
1068 3852 1173 3935 placet
1186 3868 1291 3931 neque
1307 3866 1368 3931 ego

341 3940 375 4004 in
392 3965 588 4019 morosum,
613 3941 652 4008 C.
671 3943 817 4008 Licinius
839 3945 976 4027 collega,
1003 3942 1052 4006 vir
1073 3943 1237 4028 egregius,
1265 3960 1369 4024 aeque

308 4051 323 4098 c
343 4034 435 4100 enixe
457 4037 583 4121 parabit
604 4060 643 4102 ac
665 4038 693 4101 si
714 4038 782 4124 ipse
804 4038 838 4102 id
860 4038 978 4101 bellum
1000 4048 1148 4121 gesturus
1172 4047 1265 4103 esset.
1311 4055 1370 4099 vos

342 4147 424 4210 quae
448 4129 604 4214 scripsero
626 4132 751 4197 senatui
773 4143 829 4197 aut
851 4130 941 4194 vobis
966 4127 1020 4216 [ea
1037 4154 1114 4196 vera
1135 4131 1271 4197 credatis
1288 4149 1370 4214 rogo

341 4242 423 4286 neve
445 4218 605 4306 ru]mores
629 4226 813 4291 credulitate
837 4236 943 4289 vestra
965 4225 1070 4304 alatis,
1098 4246 1234 4311 quorum
1258 4236 1371 4290 auctor
