3384 4975
393 485 460 552 224
709 494 744 550 T.
762 491 846 550 LIVI
863 489 1114 549 FRAGMENTA.

766 1102 1061 1195 TITILIVI
1349 1215 1353 1219 γ

568 1269 825 1334 LIBRORVM
859 1263 1250 1329 DEPERDITORVM

739 1415 1083 1484 FRAGMENTA.

444 1679 586 1730 magnentis.
606 1685 661 1728 quse
674 1685 718 1716 non
732 1676 775 1718 nnr
788 1673 914 1715 coniectura
926 1670 953 1771 sfid
967 1681 1017 1713 suos
1030 1671 1097 1712 libros
1111 1670 1178 1712 relsts
1191 1672 1248 1718 sunt,
1269 1671 1387 1711 asteriscus

830 1737 865 1775 est
878 1744 928 1785 pras
946 1744 995 1772 xus.

451 2035 466 2088 1
497 2032 607 2088 Livius:
632 2029 675 2085 ‘ni
692 1961 1099 2102 Pynhuzhllllgigffllillr.andi
1118 2026 1219 2081 artifex
1236 2027 1384 2099 magisque
1403 2028 1433 2082 in

399 2034 684 2174 proelioquambello
697 2097 805 2155 bonus’
839 2099 913 2152 Sero.
924 2098 960 2150 ad
973 2045 1066 2165 lgrnqil.
1076 2097 1141 2150 Aen.
1151 2095 1236 2149 1456.

800 2202 861 2244 ΗΒ.
870 2212 891 2242 ι.
900 2212 923 2243 n.
933 2211 953 2242 o.
962 2201 1021 2242 xlrl.

451 2263 502 2335 *2)
521 2262 653 2319 Curribus
666 2261 780 2316 falsatis
793 2277 859 2315 usos
873 2277 933 2316 esse
947 2258 1068 2314 maiores
1082 2263 1111 2313 et
1121 2256 1217 2312 Livius
1237 2264 1266 2314 et
1279 2257 1433 2314 Sallustius
1483 2303 1485 2306 ⁴

399 2333 510 2389 docent.
537 2335 619 2396 Serv.
629 2333 664 2385 ad
678 2331 771 2399 Verys'l.
781 2331 846 2384 Aen.
857 2328 941 2383 1476.

452 2401 481 2473 3)
498 2399 596 2453 Livius
617 2399 648 2452 in
669 2415 740 2453 xm:
770 2397 892 2468 ‘privato
910 2412 962 2461 nos
979 2395 1181 2452 tenuissemus!
1221 2397 1351 2452 Priscian.
1369 2397 1431 2451 inst.

397 2487 510 2542 yromm.
519 2467 576 2526 XV
586 2468 610 2539 ἕ.
620 2467 653 2522 11
658 2483 688 2537 p.
698 2465 766 2522 1009
775 2469 809 2523 P.

799 2563 905 2603 ⁸L1B.s.
915 2572 937 2603 n.
948 2572 967 2603 o.
977 2562 1035 2604 XVI.

452 2634 482 2706 4)
550 2650 615 2687 nam
624 2629 759 2689 sichaeus
769 2628 920 2687 Sioharbas
934 2628 1023 2682 dietus
1037 2633 1093 2698 θεῖς
1107 2626 1202 2698 Belus,
1212 2627 1332 2682 Didonis
1340 2633 1432 2699 pater,

401 2702 540 2769 Methros3
558 2702 700 2773 Carthago
719 2718 737 2755 a
749 2698 902 2767 carthada,
920 2702 952 2751 ut
968 2697 1073 2752 lectum
1087 2702 1143 2767 θεῖς
1162 2697 1237 2767 qnod
1250 2696 1391 2753 invenitur
1402 2698 1434 2751 in

401 2771 519 2828 historia
528 2771 685 2826 Poenorum
694 2768 760 2825 stin
769 2767 861 2822 Livio.
896 2767 1016 2821 Seruari
1029 2766 1122 2835 Veryil.
1132 2767 1199 2820 Aen.
1209 2765 1293 2820 1343.

453 2840 482 2909 5)
500 2840 598 2895 Norae
616 2836 807 2907 Carthaginis]
831 2835 973 2907 Carthago
995 2839 1039 2889 est
1061 2834 1135 2889 enim
1156 2834 1256 2902 lingua
1272 2834 1434 2889 Poenorum

402 2924 476 2961 nova
485 2907 592 2973 civitas,
601 2910 634 2958 ut
642 2904 738 2958 Livius
748 2905 838 2958 docet.
865 2904 984 2959 Seruari
997 2902 1091 2971 Versu.
1100 2904 1166 2957 Aen.
1176 2903 1191 2956 Ι
1200 2903 1260 2957 366.

455 2975 484 3045 6)
503 2972 706 3027 ...namBitias
716 2971 942 3027 elassisPunioae
951 2970 1005 3025 fuit
1013 2970 1183 3042 praefectus,
1193 2976 1225 3026 ut
1234 2971 1317 3026 docet
1325 2969 1434 3027 Livius.

402 3045 476 3098 Sero.
487 3044 522 3096 od
536 3042 629 3109 Versa.
639 3042 704 3094 Aen.
714 3040 798 3094 1738.

805 3130 861 3177 Lm}
871 3147 892 3178 s.
902 3147 926 3180 n.
936 3147 956 3177 e.
966 3137 1034 3178 XVII.

455 3205 484 3276 I)
503 3202 612 3259 ‘Pridie
625 3201 745 3271 Nonas,’
763 3202 771 3234 ‘
795 3202 867 3259 ridie
886 3202 964 3258 ldus’
978 3203 1076 3258 Livius
1090 3204 1127 3259 ab
1145 3203 1215 3259 urbe
1229 3201 1344 3258 condita
1356 3218 1433 3259 xvrr.

403 3274 534 3329 Priscian
544 3274 604 3327 inst.
611 3289 723 3341 qramm.
831 3272 901 3343 §.38
906 3290 934 3343 p.
945 3272 996 3326 992
1006 3275 1038 3327 P.

530 3395 532 3399 ·
801 3369 1038 3410 amanoxvnu

459 3427 500 3499 [8)
518 3426 659 3483 ‘Inborbi'
672 3431 766 3483 autem
775 3426 914 3496 dicuntur,
928 3442 986 3481 non
1004 3425 1166 3482 ‘inberbes'
1245 3424 1327 3479 Titus
1337 3424 1436 3479 Livius

406 3502 501 3552 autem
513 3512 591 3552 xvm
607 3495 763 3551 ‘inberbes'
780 3496 943 3567 vulgariter.
981 3496 1084 3550 Oloris.
1098 3497 1157 3549 inst.
1169 3512 1283 3563 yromm.
1293 3494 1308 3547 Ι
1318 3512 1347 3563 p.
1358 3495 1394 3548 74
1401 3497 1434 3549 P.

404 3566 449 3636 95,
464 3566 498 3621 18
509 3562 545 3619 K.
558 3564 593 3633 of.
608 3583 687 3619 anon.
701 3566 732 3618 de
744 3566 857 3633 ortboqr.
868 3581 898 3634 p.
911 3563 981 3619 2788
993 3581 1032 3635 sq.
1045 3566 1088 3633 P.,
1105 3565 1187 3618 selred.
1202 3571 1249 3618 vet.
1261 3580 1375 3633 yramm.
1391 3580 1435 3633 ap.

405 3635 542 3689 Bortlo'um
550 3636 650 3689 advers.
660 3632 814 3702 XXXVII,
824 3632 882 3698 14.]

456 3702 503 3774 ·9)
523 3700 761 3771 ...Quasquiasu
781 3718 813 3755 ra
821 3700 956 3755 usitatam
963 3699 1101 3755 rationem
1110 3698 1434 3771 excedentiaattigimus,

405 3769 543 3841 serpentis
557 3786 667 3850 quoque
681 3788 699 3824 a
708 3769 742 3823 T.
777 3769 831 3824 irio
845 3769 953 3824 curiose
987 3768 1072 3824 ariter
1086 3785 1118 3823 so
1131 3769 1370 3824 fuoundsrolstaa
1385 3767 1437 3823 fist

406 3839 520 3894 mentio.
555 3838 667 3895 issmm
680 3836 763 3892 sitin
771 3836 871 3892 Africa
884 3837 960 3907 apud
995 3837 1130 3908 agradam
1142 3837 1357 3892 flumentantao
1371 3842 1437 3903 [an-

407 3913 504 3979 guem]
518 3906 718 3979 magnitudinis
731 3904 832 3974 fuisso,
850 3910 882 3959 nt
894 3906 977 3960 Atilii
988 3905 1093 3977 Reguli
1106 3907 1257 3961 exercitum
1274 3923 1328 3961 usu
1346 3905 1437 3959 amnis

406 3976 581 4046 prohiberet,
600 3974 749 4044 multisque
762 3974 898 4029 militibus
910 3973 938 4028 in
961 3974 1019 4030 enti
1028 3991 1076 4030 ore
1089 3975 1235 4045 correptis,
1253 3974 1437 4045 conpluribus

408 4043 516 4099 caudae
528 4042 715 4123 voluminibus
730 4042 828 4114 elisis‚·
837 4059 901 4100 oum
914 3992 1034 4099 telorum
1050 4044 1128 4099 iactu
1141 4043 1278 4113 perforari
1295 4042 1436 4114 nequiret,

407 4112 446 4167 sd
454 4111 583 4166 ultimum
595 4110 772 4165 ballistarum
784 4112 930 4169 tormentis
937 4110 1061 4182 undique
1090 4112 1197 4182 autam,
1211 4113 1320 4167 silicum
1330 4111 1438 4167 crebris

408 4185 438 4235 et
450 4178 614 4259 pontderosis
627 4179 789 4259 verberibus
802 4181 982 4250 procubuisse
996 4129 1180 4253 omnibusque
1194 4186 1223 4236 at
1237 4180 1398 4235 cohortibus
1409 4185 1439 4234 et

408 4246 565 4318 legionibus
574 4264 637 4318 rpsa
646 4246 818 4319 Carthsgme
827 4249 916 4305 risam
923 4248 1127 4307 terribiliorem.
1149 4254 1233 4321 atque
1244 4250 1438 4305 stiamoruora
