3384 4975
1233 516 1298 587 15⁷

506 510 797 599 nrannxxxxv,
816 529 840 583 a.
854 529 880 582 s.
901 526 1053 598 [nonas]

268 689 428 775 inperium
448 688 483 751 in
500 687 577 752 orbe
600 698 757 751 terrarum
773 686 992 750 Macedonum
1014 686 1165 752 fecerant.
1208 690 1296 776 pullo
1315 711 1333 759 4

269 784 404 849 amictus
420 781 559 846 Perseus
585 780 749 863 ingressus
775 789 823 843 est
845 790 949 843 castra
971 780 1058 845 nullo
1082 804 1213 846 suorum
1235 784 1298 848 alio

264 878 394 954 comite,
413 875 469 959 qui
482 874 587 938 socius
602 872 789 936 calamitatis
802 872 1063 938 miserabiliorem
1077 897 1150 939 eum
1167 876 1297 943 faceret.

269 969 421 1056 progredi
447 989 523 1052 prae
553 966 648 1030 turba
670 965 904 1030 occurrentium
926 967 969 1031 ad
994 970 1212 1052 spectaculum
1233 991 1298 1032 non

270 1072 410 1148 poterat,
437 1062 539 1125 donec
561 1083 580 1124 a
606 1059 734 1124 consule
760 1060 886 1125 lictores
909 1060 1107 1138 missisunt,
1134 1063 1190 1145 qui
1211 1085 1298 1126 sum·

270 1169 358 1220 moto
383 1155 444 1220 iter
470 1155 512 1232 ad
537 1154 732 1239 praetorium
758 1154 910 1219 facerent.
954 1156 1152 1220 consurrexit
1177 1157 1332 1234 consulo
1389 1166 1392 1175 ⁴

271 1260 303 1314 et
328 1247 422 1314 iussis
449 1248 559 1312 sedere
587 1247 656 1311 aliis
686 1269 938 1332 progressusque
968 1250 1100 1333 paulurn
1126 1250 1300 1314 introeunti

270 1342 340 1426 regi
362 1342 506 1406 dextram
529 1340 680 1425 porrexit.
732 1341 1046 1424 summittentemque
1073 1364 1107 1408 se
1134 1343 1175 1406 ad
1200 1342 1299 1429 pedes

269 1436 414 1512 sustulit,
439 1457 500 1500 neo
523 1434 679 1519 attingere
702 1454 809 1519 genua
826 1458 940 1520 passus
962 1436 1177 1500 introductum
1195 1438 1228 1500 in
1250 1448 1300 1500 ta-

256 1529 478 1593 bernaculum
501 1528 654 1591 adversus
681 1529 854 1593 advocatos
880 1529 915 1593 in
941 1529 1121 1594 consilium¹
1135 1530 1299 1597 considere

270 1622 372 1687 iussit.

333 1716 428 1783 VHl.
455 1715 566 1780 Prima
591 1715 788 1801 percontatio
810 1712 886 1792 fuit,
913 1739 978 1800 qua
1003 1718 1155 1784 subactus
1181 1718 1331 1787 ini'urial

269 1821 380 1877 contra
409 1811 564 1896 populum
594 1811 776 1875 Romanum
807 1810 927 1874 bellum
952 1822 1019 1877 tarn
1048 1813 1164 1878 infesto
1190 1813 1298 1876 animo

269 1905 470 1988 suscepisset,
481 1926 544 1987 quo
553 1926 587 1967 se
600 1925 800 1988 regnumque
814 1928 908 1969 suum
918 1907 959 1970 ad
968 1908 1116 1971 ultimum
1129 1907 1299 1972 discrimen

270 1999 451 2063 adduceret.
479 2019 551 2061 cum
569 2020 757 2081 responsum
775 2001 1017 2082 expectantibus
1036 2001 1158 2064 eunctis
1181 2011 1297 2064 terram
1316 2021 1331 2066 2

269 2092 396 2158 intuens
406 2090 461 2153 diu
470 2091 584 2153 tacitus
594 2092 693 2166 fleret,
707 2113 834 2153 rursum
844 2093 955 2155 consul
973 2092 1015 2155 ‘si
1028 2093 1152 2157 iuvenis
1161 2114 1298 2176 regnum
1315 2115 1331 2160 3

270 2186 464 2272 accepisses,
487 2187 592 2250 minus
611 2187 759 2268 equidem
777 2187 925 2264 mirarer,
946 2187 1111 2272 ignorasse
1130 2198 1176 2264 te,
1201 2210 1298 2270 quam

268 2282 377 2368 gravis
400 2292 455 2345 aut
473 2281 593 2345 amicus
612 2293 668 2345 aut
690 2281 838 2345 inimicus
856 2292 940 2347 esset
961 2283 1097 2367 populus
1116 2283 1281 2347 Romanus
1287 2305 1297 2358 3

269 2400 356 2441 nunc
374 2398 459 2454 vero,
478 2398 552 2440 curn
565 2387 596 2441 et
615 2377 699 2455 bello
713 2377 812 2462 patris
822 2377 878 2454 tui,
898 2378 985 2462 quod
1002 2377 1169 2442 nobiscum
1186 2377 1295 2461 gessit,
1314 2396 1331 2440 4

270 2470 483 2547 interfuisses,
507 2482 539 2534 et
555 2471 644 2553 pacis
662 2484 787 2556 postea,
811 2494 909 2555 qua-m
927 2494 1001 2536 cum
1019 2495 1143 2537 summa
1160 2471 1222 2535 fide
1241 2471 1298 2535 ad·

270 2586 381 2628 versus
400 2586 473 2629 eum
491 2563 657 2641 coluimus,
675 2565 883 2642 meminisseS,
903 2564 1005 2651 [quod
1023 2565 1097 2651 fuit]
1119 2566 1298 2640 consilium,

270 2680 407 2743 quorum
425 2669 457 2722 et
474 2658 539 2721 vim
552 2656 615 2742 [in]
627 2659 710 2721 bello
728 2669 760 2723 et
776 2659 874 2722 fidem
891 2659 925 2722 in
942 2681 1021 2743 pace
1037 2670 1185 2742 expertus
1201 2680 1298 2731 esses,

270 2776 344 2817 cum
361 2756 388 2815 is
406 2752 465 2815 tibi
487 2751 605 2815 bellum
628 2774 811 2835 essequam
833 2774 946 2837 pacem
969 2752 1097 2816 mallel⁷
1123 2774 1183 2816 neo
1201 2751 1298 2815 inter·
1315 2770 1331 2817 5

269 2856 400 2931 rogatus
414 2868 474 2910 nec
487 2857 654 2909 accusatus
667 2867 740 2910 cum
755 2846 971 2930 responderet,
990 2853 1176 2928 ‘utcumque
1191 2857 1300 2909 tamen

269 2940 359 3017 haec,
378 2940 445 3005 sive
463 2962 568 3005 errore
584 2939 722 3003 humano
738 2962 795 3004 seu
811 2962 888 3004 casu
902 2963 959 3004 seu
976 2941 1164 3004 necessitate
1178 2939 1299 3004 incide-

270 3048 353 3109 runt,
372 3035 491 3099 bonum
506 3034 648 3099 animum
661 3035 754 3099 habe.
782 3036 956 3098 multorum
968 3057 1091 3120 regum,
1105 3035 1299 3119 populorum

271 3129 396 3192 casibus
415 3128 543 3213 cognita
560 3130 670 3214 populi
679 3129 816 3193 Romani
831 3129 998 3193 clementia
1015 3150 1079 3192 non
1097 3129 1192 3191 modo
1208 3150 1298 3211 spem

270 3221 343 3297 tibi,
371 3220 426 3284 scd
448 3243 547 3305 prope
570 3234 689 3285 certam
714 3222 865 3286 fiduciam
889 3222 999 3286 salutis
1021 3221 1172 3306 praebet'
1218 3220 1331 3287 haece

272 3314 398 3379 Graeco
417 3338 561 3380 sermone
579 3316 715 3393 Perse0,
737 3317 855 3380 Latine
874 3317 989 3380 deinde
1012 3316 1078 3379 suis
1101 3315 1300 3398 ‘exemplum

270 3407 396 3493 insigne
420 3409 562 3473 cernitis⁷
589 3410 691 3492 inquit
719 3411 917 3474 ‘mutationis
944 3433 1052 3474 rerum
1076 3409 1297 3472 humanarum.

271 3501 363 3563 vobis
378 3503 439 3564 hoo
452 3503 622 3586 praecipue
637 3503 719 3576 dieo,
736 3503 877 3565 iuvenes.
904 3503 976 3564 ideo
989 3502 1023 3564 in
1037 3501 1183 3565 secundis
1201 3500 1298 3563 rebus

271 3592 350 3657 nihil
368 3594 402 3654 in
420 3613 614 3675 quemquam
636 3593 773 3677 superbe
791 3616 829 3657 ac
846 3594 1000 3657 violenter
1018 3593 1182 3656 consulere
1207 3592 1300 3655 decet

272 3708 333 3751 uec
350 3686 510 3769 praesenti
528 3687 655 3751 credere
673 3687 829 3762 fortunae,
849 3709 922 3750 oum
935 3687 1013 3770 quid
1027 3708 1140 3770 vesper
1156 3685 1238 3749 ferat
1250 3686 1301 3749 in-

272 3793 397 3847 certum
415 3780 465 3843 sit
492 3780 519 3843 is
538 3780 666 3844 demum
683 3780 733 3843 vir
750 3782 819 3858 erit,
838 3781 928 3846 cuius
947 3781 1088 3844 animum
1105 3802 1209 3863 neque
1226 3802 1300 3864 pro·
1318 3801 1332 3845 ἰ’

271 3899 367 3961 spera
388 3876 467 3939 flatu
489 3898 547 3939 suo
574 3874 685 3940 efferet
710 3898 769 3939 nec
795 3876 930 3940 adversa
951 3873 1123 3959 infringet’
1169 3873 1300 3937 consilio

273 3973 405 4036 dimisso
422 3973 532 4036 tuendi
550 3993 627 4037 cura
649 3973 734 4057 regis
753 3971 794 4052 Q.
813 3971 909 4035 Aelio
927 3970 1106 4034 mandatur.
1143 3990 1180 4032 eo
1199 3968 1249 4033 die
1267 3977 1299 4031 et
1317 3987 1333 4033 8

274 4066 426 4130 invitatus
453 4066 494 4129 ad
517 4068 679 4131 consulem
701 4066 839 4131 Perseus
863 4075 894 4129 et
917 4065 998 4129 alius
1021 4063 1124 4127 omnis
1147 4062 1177 4127 ei
1199 4062 1300 4125 honos

275 4159 403 4224 habitus
420 4172 483 4236 est,
502 4162 557 4246 qui
575 4161 685 4227 haberi
703 4162 736 4225 in
753 4163 810 4225 tali
827 4160 955 4225 fortuna
972 4169 1106 4246 poterat
1142 4156 1299 4221 exercitus

275 4254 391 4319 deinde
407 4254 441 4319 in
457 4255 592 4322 hiberna
609 4254 757 4321 dimissus
775 4267 833 4321 est.
