<?xml version="1.0" encoding="UTF-8"?>
<!DOCTYPE html PUBLIC "-//W3C//DTD XHTML 1.0 Transitional//EN"
    "http://www.w3.org/TR/xhtml1/DTD/xhtml1-transitional.dtd">
<html xmlns="http://www.w3.org/1999/xhtml" xml:lang="en" lang="en">
 <head>
  <title>
</title>
<meta http-equiv="Content-Type" content="text/html;charset=utf-8" />
  <meta name='ocr-system' content='tesseract 3.04.00' />
  <meta name='ocr-capabilities' content='ocr_page ocr_carea ocr_par ocr_line ocrx_word'/>
</head>
<body>
  <div class='ocr_page' id='page_1' title='image "./titiliviaburbec04livygoog_0117.png"; bbox 0 0 3384 4975; ppageno 0'>
   <div class='ocr_carea' id='block_1_1' title="bbox 513 479 1318 585">
    <p class='ocr_par' dir='ltr' id='par_1_1' title="bbox 513 479 1318 585">
     <span class='ocr_line' id='line_1_1' title="bbox 513 479 1318 585; baseline -0.009 -10"><span class='ocrx_word' id='word_1_1' title='bbox 513 479 1096 585; x_wconf 74' lang='lat' dir='ltr'><strong>LIBsuxxxxl1,eo.&#39;cr.[a.c1u]</strong></span> <span class='ocrx_word' id='word_1_2' title='bbox 1279 503 1318 568; x_wconf 77' lang='lat'><strong>79</strong></span> 
     </span>
    </p>
   </div>
   <div class='ocr_carea' id='block_1_2' title="bbox 295 672 1442 4328">
    <p class='ocr_par' dir='ltr' id='par_1_2' title="bbox 295 672 1442 3182">
     <span class='ocr_line' id='line_1_2' title="bbox 296 672 1318 765; baseline -0.006 -22"><span class='ocrx_word' id='word_1_3' title='bbox 296 680 379 765; x_wconf 83' lang='lat' dir='ltr'><strong>regis</strong></span> <span class='ocrx_word' id='word_1_4' title='bbox 393 687 499 742; x_wconf 86' lang='lat' dir='ltr'><strong>autem</strong></span> <span class='ocrx_word' id='word_1_5' title='bbox 513 675 627 760; x_wconf 82' lang='lat' dir='ltr'><strong>viginti</strong></span> <span class='ocrx_word' id='word_1_6' title='bbox 642 673 774 756; x_wconf 87' lang='lat' dir='ltr'><strong>equites,</strong></span> <span class='ocrx_word' id='word_1_7' title='bbox 792 672 1004 757; x_wconf 85' lang='lat' dir='ltr'><strong>quadraginta</strong></span> <span class='ocrx_word' id='word_1_8' title='bbox 1017 674 1139 758; x_wconf 83' lang='lat' dir='ltr'><strong>pedites</strong></span> <span class='ocrx_word' id='word_1_9' title='bbox 1152 672 1318 740; x_wconf 81' lang='lat' dir='ltr'><strong>interfecti.</strong></span> 
     </span>
     <span class='ocr_line' id='line_1_3' title="bbox 295 767 1353 858; baseline -0.002 -21"><span class='ocrx_word' id='word_1_10' title='bbox 295 783 466 858; x_wconf 82' lang='lat' dir='ltr'>postquam</span> <span class='ocrx_word' id='word_1_11' title='bbox 483 770 606 833; x_wconf 90' lang='lat' dir='ltr'><strong>rediere</strong></span> <span class='ocrx_word' id='word_1_12' title='bbox 624 769 658 831; x_wconf 92' lang='lat' dir='ltr'><strong>in</strong></span> <span class='ocrx_word' id='word_1_13' title='bbox 675 776 779 830; x_wconf 88' lang='lat' dir='ltr'><strong>castra</strong></span> <span class='ocrx_word' id='word_1_14' title='bbox 795 767 942 842; x_wconf 86' lang='lat' dir='ltr'><strong>victores,</strong></span> <span class='ocrx_word' id='word_1_15' title='bbox 961 789 1069 831; x_wconf 90' lang='lat' dir='ltr'><strong>omnes</strong></span> <span class='ocrx_word' id='word_1_16' title='bbox 1089 767 1216 850; x_wconf 86' lang='lat' dir='ltr'><strong>quidem</strong></span> <span class='ocrx_word' id='word_1_17' title='bbox 1232 769 1318 845; x_wconf 86' lang='lat' dir='ltr'><strong>laeti,</strong></span> <span class='ocrx_word' id='word_1_18' title='bbox 1339 790 1353 835; x_wconf 84' lang='lat'>2</span> 
     </span>
     <span class='ocr_line' id='line_1_4' title="bbox 296 860 1320 938; baseline -0.004 -8"><span class='ocrx_word' id='word_1_19' title='bbox 296 877 369 930; x_wconf 90' lang='lat' dir='ltr'><strong>ante</strong></span> <span class='ocrx_word' id='word_1_20' title='bbox 387 864 466 929; x_wconf 85' lang='lat' dir='ltr'><strong>alios</strong></span> <span class='ocrx_word' id='word_1_21' title='bbox 475 863 639 926; x_wconf 85' lang='lat' dir='ltr'><strong>Thracum</strong></span> <span class='ocrx_word' id='word_1_22' title='bbox 655 860 794 924; x_wconf 89' lang='lat' dir='ltr'><strong>insolens</strong></span> <span class='ocrx_word' id='word_1_23' title='bbox 812 860 933 925; x_wconf 87' lang='lat' dir='ltr'><strong>laetitia</strong></span> <span class='ocrx_word' id='word_1_24' title='bbox 947 860 1105 925; x_wconf 89' lang='lat' dir='ltr'><strong>eminebat</strong></span> <span class='ocrx_word' id='word_1_25' title='bbox 1110 886 1119 938; x_wconf 93' lang='lat'>;</span> <span class='ocrx_word' id='word_1_26' title='bbox 1139 884 1211 926; x_wconf 90' lang='lat' dir='ltr'><strong>cum</strong></span> <span class='ocrx_word' id='word_1_27' title='bbox 1225 874 1320 928; x_wconf 87' lang='lat' dir='ltr'><strong>cantu</strong></span> 
     </span>
     <span class='ocr_line' id='line_1_5' title="bbox 297 950 1320 1042; baseline -0.006 -17"><span class='ocrx_word' id='word_1_28' title='bbox 297 960 381 1025; x_wconf 91' lang='lat' dir='ltr'><strong>enim</strong></span> <span class='ocrx_word' id='word_1_29' title='bbox 396 956 558 1042; x_wconf 83' lang='lat' dir='ltr'><strong>superfixa</strong></span> <span class='ocrx_word' id='word_1_30' title='bbox 566 950 696 1040; x_wconf 88' lang='lat' dir='ltr'><strong>[hastis]</strong></span> <span class='ocrx_word' id='word_1_31' title='bbox 707 953 812 1038; x_wconf 90' lang='lat' dir='ltr'><strong>capita</strong></span> <span class='ocrx_word' id='word_1_32' title='bbox 824 952 963 1017; x_wconf 89' lang='lat' dir='ltr'><strong>hostium</strong></span> <span class='ocrx_word' id='word_1_33' title='bbox 977 966 1137 1041; x_wconf 89' lang='lat' dir='ltr'><strong>portantes</strong></span> <span class='ocrx_word' id='word_1_34' title='bbox 1151 956 1320 1021; x_wconf 90' lang='lat' dir='ltr'><strong>redierunt.</strong></span> 
     </span>
     <span class='ocr_line' id='line_1_6' title="bbox 298 1046 1354 1136; baseline 0.001 -21"><span class='ocrx_word' id='word_1_35' title='bbox 298 1061 377 1136; x_wconf 89' lang='lat' dir='ltr'><strong>aput</strong></span> <span class='ocrx_word' id='word_1_36' title='bbox 397 1049 560 1114; x_wconf 87' lang='lat' dir='ltr'><strong>Romanos</strong></span> <span class='ocrx_word' id='word_1_37' title='bbox 584 1070 649 1112; x_wconf 89' lang='lat' dir='ltr'><strong>non</strong></span> <span class='ocrx_word' id='word_1_38' title='bbox 671 1046 829 1113; x_wconf 84' lang='lat' dir='ltr'><strong>maestitia</strong></span> <span class='ocrx_word' id='word_1_39' title='bbox 851 1058 975 1112; x_wconf 91' lang='lat' dir='ltr'><strong>tantum</strong></span> <span class='ocrx_word' id='word_1_40' title='bbox 999 1071 1039 1112; x_wconf 87' lang='lat' dir='ltr'><strong>ex</strong></span> <span class='ocrx_word' id='word_1_41' title='bbox 1060 1050 1143 1113; x_wconf 87' lang='lat' dir='ltr'><strong>male</strong></span> <span class='ocrx_word' id='word_1_42' title='bbox 1159 1060 1256 1134; x_wconf 75' lang='lat' dir='ltr'><strong>gesta</strong></span> <span class='ocrx_word' id='word_1_43' title='bbox 1276 1073 1320 1128; x_wconf 86' lang='lat' dir='ltr'><strong>re,</strong></span> <span class='ocrx_word' id='word_1_44' title='bbox 1339 1071 1354 1118; x_wconf 87' lang='lat'><strong>3</strong></span> 
     </span>
     <span class='ocr_line' id='line_1_7' title="bbox 299 1141 1323 1228; baseline -0.001 -20"><span class='ocrx_word' id='word_1_45' title='bbox 299 1144 355 1208; x_wconf 89' lang='lat' dir='ltr'><strong>sed</strong></span> <span class='ocrx_word' id='word_1_46' title='bbox 371 1165 472 1228; x_wconf 90' lang='lat' dir='ltr'><strong>pavor</strong></span> <span class='ocrx_word' id='word_1_47' title='bbox 494 1142 589 1207; x_wconf 86' lang='lat' dir='ltr'><strong>etiam</strong></span> <span class='ocrx_word' id='word_1_48' title='bbox 612 1150 694 1216; x_wconf 85' lang='lat' dir='ltr'><strong>erat,</strong></span> <span class='ocrx_word' id='word_1_49' title='bbox 720 1163 761 1205; x_wconf 90' lang='lat' dir='ltr'><strong>ne</strong></span> <span class='ocrx_word' id='word_1_50' title='bbox 784 1142 945 1226; x_wconf 87' lang='lat' dir='ltr'><strong>extemplo</strong></span> <span class='ocrx_word' id='word_1_51' title='bbox 963 1152 1067 1205; x_wconf 87' lang='lat' dir='ltr'><strong>castra</strong></span> <span class='ocrx_word' id='word_1_52' title='bbox 1088 1141 1186 1205; x_wconf 91' lang='lat' dir='ltr'><strong>hostis</strong></span> <span class='ocrx_word' id='word_1_53' title='bbox 1210 1142 1323 1228; x_wconf 80' lang='lat' dir='ltr'><strong>adgre-</strong></span> 
     </span>
     <span class='ocr_line' id='line_1_8' title="bbox 297 1232 1323 1311; baseline -0.001 -11"><span class='ocrx_word' id='word_1_54' title='bbox 297 1239 434 1301; x_wconf 86' lang='lat' dir='ltr'><strong>deretur.</strong></span> <span class='ocrx_word' id='word_1_55' title='bbox 477 1234 641 1300; x_wconf 78' lang='lat' dir='ltr'><strong>Eumenes</strong></span> <span class='ocrx_word' id='word_1_56' title='bbox 659 1232 803 1311; x_wconf 80' lang='lat' dir='ltr'><strong>suadere,</strong></span> <span class='ocrx_word' id='word_1_57' title='bbox 823 1245 860 1298; x_wconf 90' lang='lat' dir='ltr'><strong>ut</strong></span> <span class='ocrx_word' id='word_1_58' title='bbox 877 1245 963 1298; x_wconf 85' lang='lat' dir='ltr'><strong>trans</strong></span> <span class='ocrx_word' id='word_1_59' title='bbox 976 1234 1122 1300; x_wconf 90' lang='lat' dir='ltr'><strong>Peneum</strong></span> <span class='ocrx_word' id='word_1_60' title='bbox 1140 1236 1323 1300; x_wconf 80' lang='lat' dir='ltr'><strong>transferret</strong></span> 
     </span>
     <span class='ocr_line' id='line_1_9' title="bbox 296 1328 1323 1414; baseline 0.001 -22"><span class='ocrx_word' id='word_1_61' title='bbox 296 1340 413 1406; x_wconf 88' lang='lat' dir='ltr'><strong>castra,</strong></span> <span class='ocrx_word' id='word_1_62' title='bbox 436 1338 474 1400; x_wconf 87' lang='lat' dir='ltr'><strong>ut</strong></span> <span class='ocrx_word' id='word_1_63' title='bbox 490 1349 549 1412; x_wconf 91' lang='lat' dir='ltr'><strong>pro</strong></span> <span class='ocrx_word' id='word_1_64' title='bbox 565 1328 762 1393; x_wconf 89' lang='lat' dir='ltr'><strong>munimento</strong></span> <span class='ocrx_word' id='word_1_65' title='bbox 781 1349 909 1392; x_wconf 87' lang='lat' dir='ltr'><strong>amnem</strong></span> <span class='ocrx_word' id='word_1_66' title='bbox 925 1329 1072 1406; x_wconf 89' lang='lat' dir='ltr'><strong>haberet,</strong></span> <span class='ocrx_word' id='word_1_67' title='bbox 1091 1329 1168 1393; x_wconf 90' lang='lat' dir='ltr'><strong>durn</strong></span> <span class='ocrx_word' id='word_1_68' title='bbox 1186 1329 1323 1414; x_wconf 87' lang='lat' dir='ltr'><strong>perculsi</strong></span> 
     </span>
     <span class='ocr_line' id='line_1_10' title="bbox 295 1422 1357 1508; baseline 0.002 -22"><span class='ocrx_word' id='word_1_69' title='bbox 295 1422 410 1487; x_wconf 83' lang='lat' dir='ltr'><strong>milites</strong></span> <span class='ocrx_word' id='word_1_70' title='bbox 428 1422 550 1487; x_wconf 85' lang='lat' dir='ltr'><strong>animos</strong></span> <span class='ocrx_word' id='word_1_71' title='bbox 569 1423 764 1507; x_wconf 87' lang='lat' dir='ltr'><strong>colligerent.</strong></span> <span class='ocrx_word' id='word_1_72' title='bbox 796 1423 907 1487; x_wconf 91' lang='lat' dir='ltr'><strong>consul</strong></span> <span class='ocrx_word' id='word_1_73' title='bbox 925 1423 1046 1489; x_wconf 84' lang='lat' dir='ltr'><strong>moveri</strong></span> <span class='ocrx_word' id='word_1_74' title='bbox 1063 1423 1183 1508; x_wconf 83' lang='lat' dir='ltr'><strong>flagitio</strong></span> <span class='ocrx_word' id='word_1_75' title='bbox 1203 1422 1323 1487; x_wconf 90' lang='lat' dir='ltr'><strong>timoris</strong></span> <span class='ocrx_word' id='word_1_76' title='bbox 1341 1444 1357 1488; x_wconf 81' lang='lat' dir='ltr'><strong>t</strong></span> 
     </span>
     <span class='ocr_line' id='line_1_11' title="bbox 295 1516 1442 1593; baseline 0.002 -13"><span class='ocrx_word' id='word_1_77' title='bbox 295 1516 431 1593; x_wconf 83' lang='lat' dir='ltr'><strong>fatendi3</strong></span> <span class='ocrx_word' id='word_1_78' title='bbox 458 1516 562 1581; x_wconf 89' lang='lat' dir='ltr'><strong>victus</strong></span> <span class='ocrx_word' id='word_1_79' title='bbox 586 1528 693 1581; x_wconf 87' lang='lat' dir='ltr'><strong>tamen</strong></span> <span class='ocrx_word' id='word_1_80' title='bbox 714 1516 835 1581; x_wconf 88' lang='lat' dir='ltr'><strong>ratione</strong></span> <span class='ocrx_word' id='word_1_81' title='bbox 861 1517 985 1581; x_wconf 89' lang='lat' dir='ltr'><strong>silentio</strong></span> <span class='ocrx_word' id='word_1_82' title='bbox 1007 1518 1108 1581; x_wconf 88' lang='lat' dir='ltr'><strong>noctis</strong></span> <span class='ocrx_word' id='word_1_83' title='bbox 1131 1519 1323 1583; x_wconf 80' lang='lat' dir='ltr'><strong>transductis</strong></span> <span class='ocrx_word' id='word_1_84' title='bbox 1440 1523 1442 1525; x_wconf 76' lang='grc'><strong>’</strong></span> 
     </span>
     <span class='ocr_line' id='line_1_12' title="bbox 297 1609 1357 1696; baseline 0.003 -22"><span class='ocrx_word' id='word_1_85' title='bbox 297 1609 395 1693; x_wconf 91' lang='lat' dir='ltr'><strong>copiis</strong></span> <span class='ocrx_word' id='word_1_86' title='bbox 422 1619 527 1674; x_wconf 89' lang='lat' dir='ltr'><strong>castra</strong></span> <span class='ocrx_word' id='word_1_87' title='bbox 549 1610 583 1675; x_wconf 90' lang='lat' dir='ltr'><strong>in</strong></span> <span class='ocrx_word' id='word_1_88' title='bbox 608 1611 758 1675; x_wconf 89' lang='lat' dir='ltr'><strong>ulteriore</strong></span> <span class='ocrx_word' id='word_1_89' title='bbox 780 1610 852 1696; x_wconf 86' lang='lat' dir='ltr'><strong>ripa</strong></span> <span class='ocrx_word' id='word_1_90' title='bbox 873 1611 1069 1676; x_wconf 79' lang='lat' dir='ltr'><strong>communiit</strong></span> <span class='ocrx_word' id='word_1_91' title='bbox 1113 1634 1171 1677; x_wconf 86' lang='lat' dir='ltr'><strong>rex</strong></span> <span class='ocrx_word' id='word_1_92' title='bbox 1196 1620 1357 1696; x_wconf 72' lang='lat' dir='ltr'><strong>posteros</strong></span> 
     </span>
     <span class='ocr_line' id='line_1_13' title="bbox 297 1703 1323 1790; baseline 0.002 -24"><span class='ocrx_word' id='word_1_93' title='bbox 297 1703 346 1768; x_wconf 88' lang='lat' dir='ltr'><strong>die</strong></span> <span class='ocrx_word' id='word_1_94' title='bbox 369 1703 411 1766; x_wconf 90' lang='lat' dir='ltr'><strong>ad</strong></span> <span class='ocrx_word' id='word_1_95' title='bbox 431 1703 632 1768; x_wconf 90' lang='lat' dir='ltr'><strong>lacessendos</strong></span> <span class='ocrx_word' id='word_1_96' title='bbox 655 1705 775 1789; x_wconf 90' lang='lat' dir='ltr'><strong>proelio</strong></span> <span class='ocrx_word' id='word_1_97' title='bbox 798 1704 905 1769; x_wconf 88' lang='lat' dir='ltr'><strong>hostes</strong></span> <span class='ocrx_word' id='word_1_98' title='bbox 928 1727 1131 1790; x_wconf 87' lang='lat' dir='ltr'><strong>progressus,</strong></span> <span class='ocrx_word' id='word_1_99' title='bbox 1153 1717 1323 1790; x_wconf 87' lang='lat' dir='ltr'><strong>postquam</strong></span> 
     </span>
     <span class='ocr_line' id='line_1_14' title="bbox 296 1797 1322 1883; baseline 0 -21"><span class='ocrx_word' id='word_1_100' title='bbox 296 1811 381 1862; x_wconf 87' lang='lat' dir='ltr'><strong>trans</strong></span> <span class='ocrx_word' id='word_1_101' title='bbox 396 1817 524 1862; x_wconf 90' lang='lat' dir='ltr'><strong>amnem</strong></span> <span class='ocrx_word' id='word_1_102' title='bbox 540 1797 574 1861; x_wconf 93' lang='lat' dir='ltr'><strong>in</strong></span> <span class='ocrx_word' id='word_1_103' title='bbox 586 1809 654 1863; x_wconf 91' lang='lat' dir='ltr'><strong>tuto</strong></span> <span class='ocrx_word' id='word_1_104' title='bbox 672 1799 777 1883; x_wconf 89' lang='lat' dir='ltr'><strong>posita</strong></span> <span class='ocrx_word' id='word_1_105' title='bbox 791 1811 896 1863; x_wconf 86' lang='lat' dir='ltr'><strong>castra</strong></span> <span class='ocrx_word' id='word_1_106' title='bbox 912 1800 1145 1876; x_wconf 88' lang='lat' dir='ltr'><strong>animadvertit,</strong></span> <span class='ocrx_word' id='word_1_107' title='bbox 1162 1799 1322 1865; x_wconf 84' lang='lat' dir='ltr'><strong>fatebatur</strong></span> 
     </span>
     <span class='ocr_line' id='line_1_15' title="bbox 296 1891 1323 1978; baseline 0.003 -25"><span class='ocrx_word' id='word_1_108' title='bbox 296 1891 425 1974; x_wconf 92' lang='lat' dir='ltr'><strong>quidem</strong></span> <span class='ocrx_word' id='word_1_109' title='bbox 442 1903 624 1975; x_wconf 78' lang='lat' dir='ltr'><strong>peccatum,</strong></span> <span class='ocrx_word' id='word_1_110' title='bbox 647 1893 734 1975; x_wconf 91' lang='lat' dir='ltr'><strong>quod</strong></span> <span class='ocrx_word' id='word_1_111' title='bbox 752 1893 853 1978; x_wconf 89' lang='lat' dir='ltr'><strong>pridie</strong></span> <span class='ocrx_word' id='word_1_112' title='bbox 870 1914 936 1956; x_wconf 90' lang='lat' dir='ltr'><strong>non</strong></span> <span class='ocrx_word' id='word_1_113' title='bbox 953 1893 1118 1959; x_wconf 86' lang='lat' dir='ltr'><strong>institisset</strong></span> <span class='ocrx_word' id='word_1_114' title='bbox 1136 1893 1242 1969; x_wconf 89' lang='lat' dir='ltr'><strong>victis,</strong></span> <span class='ocrx_word' id='word_1_115' title='bbox 1266 1894 1323 1957; x_wconf 91' lang='lat' dir='ltr'><strong>sed</strong></span> 
     </span>
     <span class='ocr_line' id='line_1_16' title="bbox 296 1984 1324 2069; baseline 0.003 -22"><span class='ocrx_word' id='word_1_116' title='bbox 296 1985 459 2066; x_wconf 85' lang='lat' dir='ltr'><strong>aliquanto</strong></span> <span class='ocrx_word' id='word_1_117' title='bbox 476 1984 631 2048; x_wconf 91' lang='lat' dir='ltr'><strong>maiorem</strong></span> <span class='ocrx_word' id='word_1_118' title='bbox 650 1987 778 2069; x_wconf 89' lang='lat' dir='ltr'><strong>culpam</strong></span> <span class='ocrx_word' id='word_1_119' title='bbox 796 2009 881 2062; x_wconf 91' lang='lat' dir='ltr'><strong>esse,</strong></span> <span class='ocrx_word' id='word_1_120' title='bbox 905 1988 991 2069; x_wconf 89' lang='lat' dir='ltr'><strong>quod</strong></span> <span class='ocrx_word' id='word_1_121' title='bbox 1008 1999 1102 2053; x_wconf 87' lang='lat' dir='ltr'><strong>noete</strong></span> <span class='ocrx_word' id='word_1_122' title='bbox 1119 1987 1201 2052; x_wconf 84' lang='lat' dir='ltr'><strong>foret</strong></span> <span class='ocrx_word' id='word_1_123' title='bbox 1219 2009 1324 2052; x_wconf 85' lang='lat' dir='ltr'><strong>cessa·</strong></span> 
     </span>
     <span class='ocr_line' id='line_1_17' title="bbox 297 2078 1357 2157; baseline 0.007 -17"><span class='ocrx_word' id='word_1_124' title='bbox 297 2089 381 2153; x_wconf 84' lang='lat' dir='ltr'><strong>tum3</strong></span> <span class='ocrx_word' id='word_1_125' title='bbox 408 2099 485 2139; x_wconf 91' lang='lat' dir='ltr'><strong>nam</strong></span> <span class='ocrx_word' id='word_1_126' title='bbox 501 2087 538 2139; x_wconf 86' lang='lat' dir='ltr'><strong>ut</strong></span> <span class='ocrx_word' id='word_1_127' title='bbox 559 2078 720 2142; x_wconf 91' lang='lat' dir='ltr'><strong>neminem</strong></span> <span class='ocrx_word' id='word_1_128' title='bbox 739 2080 837 2143; x_wconf 87' lang='lat' dir='ltr'><strong>alium</strong></span> <span class='ocrx_word' id='word_1_129' title='bbox 856 2101 986 2144; x_wconf 91' lang='lat' dir='ltr'><strong>suorum</strong></span> <span class='ocrx_word' id='word_1_130' title='bbox 1009 2092 1166 2157; x_wconf 86' lang='lat' dir='ltr'><strong>moveret,</strong></span> <span class='ocrx_word' id='word_1_131' title='bbox 1193 2082 1256 2145; x_wconf 87' lang='lat' dir='ltr'><strong>levi</strong></span> <span class='ocrx_word' id='word_1_132' title='bbox 1274 2103 1324 2143; x_wconf 88' lang='lat' dir='ltr'><strong>ar·</strong></span> <span class='ocrx_word' id='word_1_133' title='bbox 1342 2101 1357 2147; x_wconf 78' lang='grc'><strong>6</strong></span> 
     </span>
     <span class='ocr_line' id='line_1_18' title="bbox 297 2170 1325 2256; baseline 0.001 -23"><span class='ocrx_word' id='word_1_134' title='bbox 297 2183 423 2234; x_wconf 90' lang='lat' dir='ltr'><strong>matura</strong></span> <span class='ocrx_word' id='word_1_135' title='bbox 440 2170 571 2234; x_wconf 91' lang='lat' dir='ltr'><strong>inmissa</strong></span> <span class='ocrx_word' id='word_1_136' title='bbox 589 2171 816 2256; x_wconf 89' lang='lat' dir='ltr'><strong>trepidantium</strong></span> <span class='ocrx_word' id='word_1_137' title='bbox 829 2173 864 2238; x_wconf 91' lang='lat' dir='ltr'><strong>in</strong></span> <span class='ocrx_word' id='word_1_138' title='bbox 881 2174 1015 2237; x_wconf 91' lang='lat' dir='ltr'><strong>transitu</strong></span> <span class='ocrx_word' id='word_1_139' title='bbox 1028 2174 1167 2240; x_wconf 90' lang='lat' dir='ltr'><strong>fluminis</strong></span> <span class='ocrx_word' id='word_1_140' title='bbox 1184 2173 1325 2236; x_wconf 90' lang='lat' dir='ltr'><strong>hostium</strong></span> 
     </span>
     <span class='ocr_line' id='line_1_19' title="bbox 298 2264 1357 2352; baseline 0.005 -25"><span class='ocrx_word' id='word_1_141' title='bbox 298 2264 396 2328; x_wconf 89' lang='lat' dir='ltr'><strong>deleri</strong></span> <span class='ocrx_word' id='word_1_142' title='bbox 412 2287 532 2349; x_wconf 85' lang='lat' dir='ltr'><strong>magna</strong></span> <span class='ocrx_word' id='word_1_143' title='bbox 549 2286 589 2329; x_wconf 88' lang='lat' dir='ltr'><strong>ex</strong></span> <span class='ocrx_word' id='word_1_144' title='bbox 607 2277 698 2350; x_wconf 89' lang='lat' dir='ltr'><strong>parte</strong></span> <span class='ocrx_word' id='word_1_145' title='bbox 716 2266 823 2350; x_wconf 87' lang='lat' dir='ltr'><strong>copias</strong></span> <span class='ocrx_word' id='word_1_146' title='bbox 840 2267 992 2352; x_wconf 88' lang='lat' dir='ltr'><strong>potuisse.</strong></span> <span class='ocrx_word' id='word_1_147' title='bbox 1023 2267 1176 2332; x_wconf 87' lang='lat' dir='ltr'><strong>Romanis</strong></span> <span class='ocrx_word' id='word_1_148' title='bbox 1195 2265 1323 2351; x_wconf 92' lang='lat' dir='ltr'><strong>quidem</strong></span> <span class='ocrx_word' id='word_1_149' title='bbox 1343 2287 1357 2332; x_wconf 79' lang='lat'><strong>7</strong></span> 
     </span>
     <span class='ocr_line' id='line_1_20' title="bbox 296 2359 1322 2444; baseline 0.002 -23"><span class='ocrx_word' id='word_1_150' title='bbox 296 2380 447 2443; x_wconf 89' lang='lat' dir='ltr'><strong>praesens</strong></span> <span class='ocrx_word' id='word_1_151' title='bbox 471 2359 580 2444; x_wconf 85' lang='lat' dir='ltr'><strong>pavor‘</strong></span> <span class='ocrx_word' id='word_1_152' title='bbox 593 2361 719 2425; x_wconf 91' lang='lat' dir='ltr'><strong>demtus</strong></span> <span class='ocrx_word' id='word_1_153' title='bbox 742 2372 823 2438; x_wconf 88' lang='lat' dir='ltr'><strong>erat,</strong></span> <span class='ocrx_word' id='word_1_154' title='bbox 850 2362 885 2426; x_wconf 95' lang='lat' dir='ltr'><strong>in</strong></span> <span class='ocrx_word' id='word_1_155' title='bbox 907 2371 974 2426; x_wconf 90' lang='lat' dir='ltr'><strong>tuto</strong></span> <span class='ocrx_word' id='word_1_156' title='bbox 993 2372 1097 2426; x_wconf 87' lang='lat' dir='ltr'><strong>eastra</strong></span> <span class='ocrx_word' id='word_1_157' title='bbox 1118 2360 1322 2436; x_wconf 84' lang='lat' dir='ltr'><strong>habentibus3</strong></span> 
     </span>
     <span class='ocr_line' id='line_1_21' title="bbox 298 2452 1358 2542; baseline 0.008 -27"><span class='ocrx_word' id='word_1_158' title='bbox 298 2453 449 2516; x_wconf 89' lang='lat' dir='ltr'><strong>damnum</strong></span> <span class='ocrx_word' id='word_1_159' title='bbox 470 2452 553 2517; x_wconf 90' lang='lat' dir='ltr'><strong>inter</strong></span> <span class='ocrx_word' id='word_1_160' title='bbox 575 2464 681 2519; x_wconf 86' lang='lat' dir='ltr'><strong>cetera</strong></span> <span class='ocrx_word' id='word_1_161' title='bbox 706 2455 879 2542; x_wconf 82' lang='lat' dir='ltr'><strong>praecipue</strong></span> <span class='ocrx_word' id='word_1_162' title='bbox 902 2455 1008 2521; x_wconf 82' lang='lat' dir='ltr'><strong>famae</strong></span> <span class='ocrx_word' id='word_1_163' title='bbox 1029 2456 1189 2521; x_wconf 92' lang='lat' dir='ltr'><strong>movebat.</strong></span> <span class='ocrx_word' id='word_1_164' title='bbox 1235 2465 1268 2520; x_wconf 87' lang='lat' dir='ltr'><strong>et</strong></span> <span class='ocrx_word' id='word_1_165' title='bbox 1289 2453 1323 2518; x_wconf 92' lang='lat' dir='ltr'><strong>in</strong></span> <span class='ocrx_word' id='word_1_166' title='bbox 1341 2476 1358 2524; x_wconf 83' lang='lat'>8</span> 
     </span>
     <span class='ocr_line' id='line_1_22' title="bbox 298 2545 1325 2634; baseline 0.004 -26"><span class='ocrx_word' id='word_1_167' title='bbox 298 2545 428 2609; x_wconf 88' lang='lat' dir='ltr'><strong>consilio</strong></span> <span class='ocrx_word' id='word_1_168' title='bbox 446 2557 525 2629; x_wconf 88' lang='lat' dir='ltr'><strong>aput</strong></span> <span class='ocrx_word' id='word_1_169' title='bbox 542 2550 705 2613; x_wconf 90' lang='lat' dir='ltr'><strong>consulem</strong></span> <span class='ocrx_word' id='word_1_170' title='bbox 726 2572 785 2633; x_wconf 90' lang='lat' dir='ltr'><strong>pro</strong></span> <span class='ocrx_word' id='word_1_171' title='bbox 804 2573 838 2614; x_wconf 87' lang='lat' dir='ltr'><strong>se</strong></span> <span class='ocrx_word' id='word_1_172' title='bbox 857 2550 993 2634; x_wconf 88' lang='lat' dir='ltr'><strong>quisque</strong></span> <span class='ocrx_word' id='word_1_173' title='bbox 1014 2552 1047 2614; x_wconf 92' lang='lat' dir='ltr'><strong>in</strong></span> <span class='ocrx_word' id='word_1_174' title='bbox 1065 2551 1198 2615; x_wconf 86' lang='lat' dir='ltr'><strong>Aetolos</strong></span> <span class='ocrx_word' id='word_1_175' title='bbox 1217 2548 1325 2613; x_wconf 83' lang='lat' dir='ltr'><strong>confe-</strong></span> 
     </span>
     <span class='ocr_line' id='line_1_23' title="bbox 297 2638 1324 2727; baseline 0.003 -26"><span class='ocrx_word' id='word_1_176' title='bbox 297 2638 409 2702; x_wconf 81' lang='lat' dir='ltr'><strong>rebant</strong></span> <span class='ocrx_word' id='word_1_177' title='bbox 424 2660 568 2702; x_wconf 89' lang='lat' dir='ltr'><strong>causam:</strong></span> <span class='ocrx_word' id='word_1_178' title='bbox 587 2640 629 2704; x_wconf 92' lang='lat' dir='ltr'><strong>ab</strong></span> <span class='ocrx_word' id='word_1_179' title='bbox 643 2644 671 2704; x_wconf 82' lang='lat' dir='ltr'><strong>is</strong></span> <span class='ocrx_word' id='word_1_180' title='bbox 685 2642 783 2727; x_wconf 83' lang='lat' dir='ltr'><strong>fugae</strong></span> <span class='ocrx_word' id='word_1_181' title='bbox 797 2644 989 2725; x_wconf 89' lang='lat' dir='ltr'><strong>terrorisque</strong></span> <span class='ocrx_word' id='word_1_182' title='bbox 1003 2643 1195 2726; x_wconf 90' lang='lat' dir='ltr'><strong>principium</strong></span> <span class='ocrx_word' id='word_1_183' title='bbox 1206 2651 1324 2725; x_wconf 52' lang='lat' dir='ltr'><strong>ortum)</strong></span> 
     </span>
     <span class='ocr_line' id='line_1_24' title="bbox 298 2732 1358 2817; baseline 0.007 -23"><span class='ocrx_word' id='word_1_184' title='bbox 298 2742 423 2795; x_wconf 89' lang='lat' dir='ltr'><strong>secutos</strong></span> <span class='ocrx_word' id='word_1_185' title='bbox 440 2754 593 2817; x_wconf 88' lang='lat' dir='ltr'><strong>pavorem</strong></span> <span class='ocrx_word' id='word_1_186' title='bbox 610 2735 802 2800; x_wconf 84' lang='lat' dir='ltr'><strong>Aetolorum</strong></span> <span class='ocrx_word' id='word_1_187' title='bbox 820 2746 853 2800; x_wconf 87' lang='lat' dir='ltr'><strong>et</strong></span> <span class='ocrx_word' id='word_1_188' title='bbox 870 2746 992 2799; x_wconf 89' lang='lat' dir='ltr'><strong>eeteros</strong></span> <span class='ocrx_word' id='word_1_189' title='bbox 1010 2736 1112 2799; x_wconf 90' lang='lat' dir='ltr'><strong>socios</strong></span> <span class='ocrx_word' id='word_1_190' title='bbox 1127 2732 1325 2799; x_wconf 88' lang='lat' dir='ltr'><strong>Graecomm</strong></span> <span class='ocrx_word' id='word_1_191' title='bbox 1344 2756 1358 2801; x_wconf 85' lang='lat'>9</span> 
     </span>
     <span class='ocr_line' id='line_1_25' title="bbox 297 2826 1377 2915; baseline 0.006 -27"><span class='ocrx_word' id='word_1_192' title='bbox 297 2826 497 2910; x_wconf 90' lang='lat' dir='ltr'><strong>populorum.</strong></span> <span class='ocrx_word' id='word_1_193' title='bbox 551 2829 693 2913; x_wconf 91' lang='lat' dir='ltr'><strong>quinque</strong></span> <span class='ocrx_word' id='word_1_194' title='bbox 725 2830 887 2915; x_wconf 89' lang='lat' dir='ltr'><strong>principes</strong></span> <span class='ocrx_word' id='word_1_195' title='bbox 913 2829 1120 2907; x_wconf 89' lang='lat' dir='ltr'><strong>Aetolorum,</strong></span> <span class='ocrx_word' id='word_1_196' title='bbox 1151 2828 1206 2913; x_wconf 91' lang='lat' dir='ltr'><strong>qui</strong></span> <span class='ocrx_word' id='word_1_197' title='bbox 1232 2828 1325 2914; x_wconf 89' lang='lat' dir='ltr'><strong>primi</strong></span> <span class='ocrx_word' id='word_1_198' title='bbox 1345 2849 1377 2895; x_wconf 88' lang='lat'><strong>10</strong></span> 
     </span>
     <span class='ocr_line' id='line_1_26' title="bbox 297 2921 1325 3011; baseline 0.003 -28"><span class='ocrx_word' id='word_1_199' title='bbox 297 2934 389 3006; x_wconf 86' lang='lat' dir='ltr'><strong>terga</strong></span> <span class='ocrx_word' id='word_1_200' title='bbox 418 2933 577 2987; x_wconf 86' lang='lat' dir='ltr'><strong>vertentes</strong></span> <span class='ocrx_word' id='word_1_201' title='bbox 612 2924 775 3010; x_wconf 88' lang='lat' dir='ltr'><strong>conspecti</strong></span> <span class='ocrx_word' id='word_1_202' title='bbox 801 2924 1002 3002; x_wconf 87' lang='lat' dir='ltr'><strong>dicebantur,</strong></span> <span class='ocrx_word' id='word_1_203' title='bbox 1031 2923 1184 3011; x_wconf 89' lang='lat' dir='ltr'><strong>[Romam</strong></span> <span class='ocrx_word' id='word_1_204' title='bbox 1210 2921 1325 3008; x_wconf 82' lang='lat' dir='ltr'><strong>missi]</strong></span> 
     </span>
     <span class='ocr_line' id='line_1_27' title="bbox 299 3014 1326 3103; baseline 0.003 -24"><span class='ocrx_word' id='word_1_205' title='bbox 299 3014 444 3080; x_wconf 90' lang='lat' dir='ltr'><strong>Thessali</strong></span> <span class='ocrx_word' id='word_1_206' title='bbox 462 3039 520 3100; x_wconf 91' lang='lat' dir='ltr'><strong>pro</strong></span> <span class='ocrx_word' id='word_1_207' title='bbox 538 3019 685 3085; x_wconf 89' lang='lat' dir='ltr'><strong>contione</strong></span> <span class='ocrx_word' id='word_1_208' title='bbox 702 3018 824 3084; x_wconf 88' lang='lat' dir='ltr'><strong>laudati</strong></span> <span class='ocrx_word' id='word_1_209' title='bbox 834 3020 1004 3103; x_wconf 82' lang='lat' dir='ltr'><strong>ducesque</strong></span> <span class='ocrx_word' id='word_1_210' title='bbox 1022 3042 1133 3085; x_wconf 88' lang='lat' dir='ltr'><strong>eorum</strong></span> <span class='ocrx_word' id='word_1_211' title='bbox 1151 3019 1246 3084; x_wconf 90' lang='lat' dir='ltr'><strong>etiam</strong></span> <span class='ocrx_word' id='word_1_212' title='bbox 1262 3020 1326 3082; x_wconf 85' lang='lat' dir='ltr'><strong>vir·</strong></span> 
     </span>
     <span class='ocr_line' id='line_1_28' title="bbox 299 3109 1116 3182; baseline 0.013 -11"><span class='ocrx_word' id='word_1_213' title='bbox 299 3109 374 3172; x_wconf 86' lang='lat' dir='ltr'><strong>tutis</strong></span> <span class='ocrx_word' id='word_1_214' title='bbox 392 3131 489 3173; x_wconf 89' lang='lat' dir='ltr'><strong>causa</strong></span> <span class='ocrx_word' id='word_1_215' title='bbox 507 3111 624 3176; x_wconf 89' lang='lat' dir='ltr'><strong>donati.</strong></span> <span class='ocrx_word' id='word_1_216' title='bbox 1109 3176 1116 3182; x_wconf 82' lang='lat'>.</span> 
     </span>
    </p>

    <p class='ocr_par' dir='ltr' id='par_1_3' title="bbox 299 3201 1362 4328">
     <span class='ocr_line' id='line_1_29' title="bbox 362 3201 1358 3293; baseline 0.005 -29"><span class='ocrx_word' id='word_1_217' title='bbox 362 3201 458 3267; x_wconf 88' lang='lat' dir='ltr'><strong>LXI.</strong></span> <span class='ocrx_word' id='word_1_218' title='bbox 476 3203 532 3267; x_wconf 90' lang='lat' dir='ltr'><strong>Ad</strong></span> <span class='ocrx_word' id='word_1_219' title='bbox 540 3228 649 3290; x_wconf 84' lang='lat' dir='ltr'><strong>regem</strong></span> <span class='ocrx_word' id='word_1_220' title='bbox 660 3207 761 3293; x_wconf 91' lang='lat' dir='ltr'><strong>spolia</strong></span> <span class='ocrx_word' id='word_1_221' title='bbox 771 3228 936 3273; x_wconf 87' lang='lat' dir='ltr'><strong>caesomm</strong></span> <span class='ocrx_word' id='word_1_222' title='bbox 946 3207 1085 3272; x_wconf 89' lang='lat' dir='ltr'><strong>hostium</strong></span> <span class='ocrx_word' id='word_1_223' title='bbox 1094 3207 1323 3273; x_wconf 83' lang='lat' dir='ltr'><strong>referebantur.</strong></span> <span class='ocrx_word' id='word_1_224' title='bbox 1345 3226 1358 3270; x_wconf 88' lang='lat'>1</span> 
     </span>
     <span class='ocr_line' id='line_1_30' title="bbox 299 3296 1359 3387; baseline 0.005 -29"><span class='ocrx_word' id='word_1_225' title='bbox 299 3297 384 3359; x_wconf 87' lang='lat' dir='ltr'><strong>dona</strong></span> <span class='ocrx_word' id='word_1_226' title='bbox 401 3319 441 3361; x_wconf 89' lang='lat' dir='ltr'><strong>ex</strong></span> <span class='ocrx_word' id='word_1_227' title='bbox 462 3296 512 3361; x_wconf 91' lang='lat' dir='ltr'><strong>his</strong></span> <span class='ocrx_word' id='word_1_228' title='bbox 534 3300 604 3363; x_wconf 89' lang='lat' dir='ltr'><strong>aliis</strong></span> <span class='ocrx_word' id='word_1_229' title='bbox 623 3324 711 3366; x_wconf 88' lang='lat' dir='ltr'><strong>arma</strong></span> <span class='ocrx_word' id='word_1_230' title='bbox 727 3301 882 3387; x_wconf 87' lang='lat' dir='ltr'><strong>insignia,</strong></span> <span class='ocrx_word' id='word_1_231' title='bbox 905 3303 974 3367; x_wconf 87' lang='lat' dir='ltr'><strong>aliis</strong></span> <span class='ocrx_word' id='word_1_232' title='bbox 994 3324 1108 3385; x_wconf 87' lang='lat' dir='ltr'><strong>equos,</strong></span> <span class='ocrx_word' id='word_1_233' title='bbox 1132 3301 1324 3385; x_wconf 91' lang='lat' dir='ltr'><strong>quibusdam</strong></span> <span class='ocrx_word' id='word_1_234' title='bbox 1345 3319 1359 3363; x_wconf 84' lang='lat'>2</span> 
     </span>
     <span class='ocr_line' id='line_1_31' title="bbox 300 3391 1326 3481; baseline 0.003 -28"><span class='ocrx_word' id='word_1_235' title='bbox 300 3391 442 3475; x_wconf 87' lang='lat' dir='ltr'><strong>captivos</strong></span> <span class='ocrx_word' id='word_1_236' title='bbox 461 3391 567 3457; x_wconf 86' lang='lat' dir='ltr'><strong>dabat.</strong></span> <span class='ocrx_word' id='word_1_237' title='bbox 612 3406 703 3460; x_wconf 85' lang='lat' dir='ltr'><strong>scuta</strong></span> <span class='ocrx_word' id='word_1_238' title='bbox 721 3408 812 3461; x_wconf 87' lang='lat' dir='ltr'><strong>erant</strong></span> <span class='ocrx_word' id='word_1_239' title='bbox 831 3420 927 3481; x_wconf 88' lang='lat' dir='ltr'><strong>supra</strong></span> <span class='ocrx_word' id='word_1_240' title='bbox 943 3396 1030 3460; x_wconf 92' lang='lat' dir='ltr'><strong>mille</strong></span> <span class='ocrx_word' id='word_1_241' title='bbox 1049 3395 1233 3480; x_wconf 85' lang='lat' dir='ltr'><strong>quingenta,</strong></span> <span class='ocrx_word' id='word_1_242' title='bbox 1251 3394 1326 3458; x_wconf 93' lang='lat' dir='ltr'><strong>lori-</strong></span> 
     </span>
     <span class='ocr_line' id='line_1_32' title="bbox 300 3484 1327 3571; baseline 0.002 -25"><span class='ocrx_word' id='word_1_243' title='bbox 300 3506 357 3547; x_wconf 86' lang='lat' dir='ltr'><strong>cae</strong></span> <span class='ocrx_word' id='word_1_244' title='bbox 370 3484 579 3567; x_wconf 88' lang='lat' dir='ltr'><strong>thoracesque</strong></span> <span class='ocrx_word' id='word_1_245' title='bbox 593 3488 680 3553; x_wconf 92' lang='lat' dir='ltr'><strong>mille</strong></span> <span class='ocrx_word' id='word_1_246' title='bbox 695 3489 831 3571; x_wconf 87' lang='lat' dir='ltr'><strong>amplius</strong></span> <span class='ocrx_word' id='word_1_247' title='bbox 846 3511 1004 3552; x_wconf 89' lang='lat' dir='ltr'><strong>summam</strong></span> <span class='ocrx_word' id='word_1_248' title='bbox 1020 3487 1200 3571; x_wconf 87' lang='lat' dir='ltr'><strong>explebant,</strong></span> <span class='ocrx_word' id='word_1_249' title='bbox 1219 3488 1327 3569; x_wconf 88' lang='lat' dir='ltr'><strong>galea-</strong></span> 
     </span>
     <span class='ocr_line' id='line_1_33' title="bbox 301 3576 1328 3663; baseline 0.003 -26"><span class='ocrx_word' id='word_1_250' title='bbox 301 3598 372 3637; x_wconf 91' lang='lat' dir='ltr'><strong>rum</strong></span> <span class='ocrx_word' id='word_1_251' title='bbox 390 3576 632 3662; x_wconf 84' lang='lat' dir='ltr'><strong>gladiorumque</strong></span> <span class='ocrx_word' id='word_1_252' title='bbox 651 3591 683 3644; x_wconf 87' lang='lat' dir='ltr'><strong>et</strong></span> <span class='ocrx_word' id='word_1_253' title='bbox 704 3581 871 3643; x_wconf 91' lang='lat' dir='ltr'><strong>missilium</strong></span> <span class='ocrx_word' id='word_1_254' title='bbox 889 3580 991 3644; x_wconf 91' lang='lat' dir='ltr'><strong>omnis</strong></span> <span class='ocrx_word' id='word_1_255' title='bbox 1010 3579 1135 3663; x_wconf 87' lang='lat' dir='ltr'><strong>generis</strong></span> <span class='ocrx_word' id='word_1_256' title='bbox 1153 3579 1254 3641; x_wconf 86' lang='lat' dir='ltr'><strong>maior</strong></span> <span class='ocrx_word' id='word_1_257' title='bbox 1272 3578 1328 3641; x_wconf 89' lang='lat' dir='ltr'><strong>ali-</strong></span> 
     </span>
     <span class='ocr_line' id='line_1_34' title="bbox 302 3671 1362 3758; baseline 0.003 -26"><span class='ocrx_word' id='word_1_258' title='bbox 302 3680 421 3752; x_wconf 86' lang='lat' dir='ltr'><strong>quanto</strong></span> <span class='ocrx_word' id='word_1_259' title='bbox 434 3692 595 3735; x_wconf 88' lang='lat' dir='ltr'><strong>numerus.</strong></span> <span class='ocrx_word' id='word_1_260' title='bbox 623 3671 702 3737; x_wconf 88' lang='lat' dir='ltr'><strong>haec</strong></span> <span class='ocrx_word' id='word_1_261' title='bbox 716 3695 774 3757; x_wconf 86' lang='lat' dir='ltr'><strong>per</strong></span> <span class='ocrx_word' id='word_1_262' title='bbox 788 3696 821 3737; x_wconf 89' lang='lat' dir='ltr'><strong>se</strong></span> <span class='ocrx_word' id='word_1_263' title='bbox 835 3673 942 3758; x_wconf 89' lang='lat' dir='ltr'><strong>ampla</strong></span> <span class='ocrx_word' id='word_1_264' title='bbox 954 3673 1105 3755; x_wconf 86' lang='lat' dir='ltr'><strong>lautaque</strong></span> <span class='ocrx_word' id='word_1_265' title='bbox 1120 3671 1327 3757; x_wconf 85' lang='lat' dir='ltr'><strong>multiplicata</strong></span> <span class='ocrx_word' id='word_1_266' title='bbox 1346 3690 1362 3735; x_wconf 83' lang='lat'><strong>3</strong></span> 
     </span>
     <span class='ocr_line' id='line_1_35' title="bbox 302 3764 1325 3849; baseline -0.003 -19"><span class='ocrx_word' id='word_1_267' title='bbox 302 3764 408 3830; x_wconf 90' lang='lat' dir='ltr'><strong>verbis</strong></span> <span class='ocrx_word' id='word_1_268' title='bbox 426 3765 527 3849; x_wconf 81' lang='lat' dir='ltr'><strong>regis,</strong></span> <span class='ocrx_word' id='word_1_269' title='bbox 550 3787 634 3849; x_wconf 90' lang='lat' dir='ltr'><strong>quae</strong></span> <span class='ocrx_word' id='word_1_270' title='bbox 652 3765 695 3830; x_wconf 88' lang='lat' dir='ltr'><strong>ad</strong></span> <span class='ocrx_word' id='word_1_271' title='bbox 713 3767 892 3832; x_wconf 88' lang='lat' dir='ltr'><strong>contionem</strong></span> <span class='ocrx_word' id='word_1_272' title='bbox 913 3778 1027 3831; x_wconf 88' lang='lat' dir='ltr'><strong>vocato</strong></span> <span class='ocrx_word' id='word_1_273' title='bbox 1047 3765 1188 3832; x_wconf 85' lang='lat' dir='ltr'><strong>exercitu</strong></span> <span class='ocrx_word' id='word_1_274' title='bbox 1205 3765 1325 3829; x_wconf 89' lang='lat' dir='ltr'><strong>habuit.</strong></span> 
     </span>
     <span class='ocr_line' id='line_1_36' title="bbox 302 3858 1361 3946; baseline 0.002 -23"><span class='ocrx_word' id='word_1_275' title='bbox 302 3858 568 3946; x_wconf 87' lang='lat' dir='ltr'><strong>‘praeiudicatum</strong></span> <span class='ocrx_word' id='word_1_276' title='bbox 586 3871 737 3926; x_wconf 88' lang='lat' dir='ltr'><strong>eventum</strong></span> <span class='ocrx_word' id='word_1_277' title='bbox 754 3860 830 3926; x_wconf 88' lang='lat' dir='ltr'><strong>belli</strong></span> <span class='ocrx_word' id='word_1_278' title='bbox 846 3862 981 3927; x_wconf 88' lang='lat' dir='ltr'><strong>habetis.</strong></span> <span class='ocrx_word' id='word_1_279' title='bbox 1025 3860 1187 3925; x_wconf 88' lang='lat' dir='ltr'><strong>meliorem</strong></span> <span class='ocrx_word' id='word_1_280' title='bbox 1204 3870 1326 3946; x_wconf 90' lang='lat' dir='ltr'><strong>partem</strong></span> <span class='ocrx_word' id='word_1_281' title='bbox 1345 3880 1361 3925; x_wconf 73' lang='lat' dir='ltr'><strong>c</strong></span> 
     </span>
     <span class='ocr_line' id='line_1_37' title="bbox 302 3954 1327 4055; baseline -0.001 -37"><span class='ocrx_word' id='word_1_282' title='bbox 302 3955 456 4032; x_wconf 85' lang='lat' dir='ltr'><strong>hostium,</strong></span> <span class='ocrx_word' id='word_1_283' title='bbox 475 3956 652 4038; x_wconf 84' lang='lat' dir='ltr'><strong>equitatum</strong></span> <span class='ocrx_word' id='word_1_284' title='bbox 669 3957 867 4055; x_wconf 80' lang='lat' dir='ltr'><strong>quanum,</strong></span> <span class='ocrx_word' id='word_1_285' title='bbox 886 3978 949 4041; x_wconf 91' lang='lat' dir='ltr'><strong>quo</strong></span> <span class='ocrx_word' id='word_1_286' title='bbox 966 3956 1101 4021; x_wconf 88' lang='lat' dir='ltr'><strong>invictos</strong></span> <span class='ocrx_word' id='word_1_287' title='bbox 1120 3977 1153 4019; x_wconf 89' lang='lat' dir='ltr'><strong>se</strong></span> <span class='ocrx_word' id='word_1_288' title='bbox 1172 3976 1241 4020; x_wconf 88' lang='lat' dir='ltr'><strong>esse</strong></span> <span class='ocrx_word' id='word_1_289' title='bbox 1258 3954 1327 4040; x_wconf 83' lang='lat' dir='ltr'><strong>glo-</strong></span> 
     </span>
     <span class='ocr_line' id='line_1_38' title="bbox 303 4048 1361 4136; baseline 0.001 -23"><span class='ocrx_word' id='word_1_290' title='bbox 303 4050 475 4127; x_wconf 87' lang='lat' dir='ltr'><strong>riabantur,</strong></span> <span class='ocrx_word' id='word_1_291' title='bbox 493 4049 630 4116; x_wconf 84' lang='lat' dir='ltr'><strong>fudistis.</strong></span> <span class='ocrx_word' id='word_1_292' title='bbox 657 4053 779 4136; x_wconf 87' lang='lat' dir='ltr'><strong>equites</strong></span> <span class='ocrx_word' id='word_1_293' title='bbox 794 4051 878 4116; x_wconf 91' lang='lat' dir='ltr'><strong>enim</strong></span> <span class='ocrx_word' id='word_1_294' title='bbox 891 4052 952 4115; x_wconf 91' lang='lat' dir='ltr'><strong>illis</strong></span> <span class='ocrx_word' id='word_1_295' title='bbox 970 4050 1128 4136; x_wconf 89' lang='lat' dir='ltr'><strong>principes</strong></span> <span class='ocrx_word' id='word_1_296' title='bbox 1146 4048 1327 4125; x_wconf 90' lang='lat' dir='ltr'><strong>iuventutis,</strong></span> <span class='ocrx_word' id='word_1_297' title='bbox 1347 4069 1361 4114; x_wconf 82' lang='lat'>5</span> 
     </span>
     <span class='ocr_line' id='line_1_39' title="bbox 304 4144 1329 4230; baseline -0.004 -21"><span class='ocrx_word' id='word_1_298' title='bbox 304 4145 426 4229; x_wconf 87' lang='lat' dir='ltr'><strong>equites</strong></span> <span class='ocrx_word' id='word_1_299' title='bbox 449 4144 655 4214; x_wconf 88' lang='lat' dir='ltr'><strong>seminarium</strong></span> <span class='ocrx_word' id='word_1_300' title='bbox 682 4158 826 4224; x_wconf 84' lang='lat' dir='ltr'><strong>senatus3</strong></span> <span class='ocrx_word' id='word_1_301' title='bbox 854 4146 928 4210; x_wconf 89' lang='lat' dir='ltr'><strong>inde</strong></span> <span class='ocrx_word' id='word_1_302' title='bbox 949 4146 1049 4211; x_wconf 89' lang='lat' dir='ltr'><strong>lectos</strong></span> <span class='ocrx_word' id='word_1_303' title='bbox 1071 4145 1104 4209; x_wconf 92' lang='lat' dir='ltr'><strong>in</strong></span> <span class='ocrx_word' id='word_1_304' title='bbox 1127 4154 1232 4230; x_wconf 91' lang='lat' dir='ltr'><strong>patres</strong></span> <span class='ocrx_word' id='word_1_305' title='bbox 1254 4165 1329 4207; x_wconf 89' lang='lat' dir='ltr'><strong>eon-</strong></span> 
     </span>
     <span class='ocr_line' id='line_1_40' title="bbox 305 4239 1329 4328; baseline -0.008 -23"><span class='ocrx_word' id='word_1_306' title='bbox 305 4244 405 4321; x_wconf 88' lang='lat' dir='ltr'><strong>sules,</strong></span> <span class='ocrx_word' id='word_1_307' title='bbox 426 4242 501 4308; x_wconf 89' lang='lat' dir='ltr'><strong>inde</strong></span> <span class='ocrx_word' id='word_1_308' title='bbox 518 4243 723 4328; x_wconf 88' lang='lat' dir='ltr'><strong>imperatores</strong></span> <span class='ocrx_word' id='word_1_309' title='bbox 742 4251 851 4309; x_wconf 88' lang='lat' dir='ltr'><strong>creant</strong></span> <span class='ocrx_word' id='word_1_310' title='bbox 857 4266 866 4319; x_wconf 92' lang='lat'>;</span> <span class='ocrx_word' id='word_1_311' title='bbox 893 4240 1007 4305; x_wconf 91' lang='lat' dir='ltr'><strong>horum</strong></span> <span class='ocrx_word' id='word_1_312' title='bbox 1025 4240 1126 4325; x_wconf 88' lang='lat' dir='ltr'><strong>spolia</strong></span> <span class='ocrx_word' id='word_1_313' title='bbox 1142 4239 1237 4324; x_wconf 90' lang='lat' dir='ltr'><strong>paulo</strong></span> <span class='ocrx_word' id='word_1_314' title='bbox 1256 4246 1329 4299; x_wconf 87' lang='lat' dir='ltr'><strong>ante</strong></span> 
     </span>
    </p>
   </div>
   <div class='ocr_carea' id='block_1_3' title="bbox 0 0 1708 4975">
    <p class='ocr_par' dir='ltr' id='par_1_4' title="bbox 0 0 1708 4975">
     <span class='ocr_line' id='line_1_41' title="bbox 0 0 1708 4975; baseline 0 0"><span class='ocrx_word' id='word_1_315' title='bbox 0 0 1708 4975; x_wconf 95' lang='lat' dir='ltr'><strong> </strong></span> 
     </span>
    </p>
   </div>
  </div>
 </body>
</html>
