3384 4975
342 507 384 573 14
536 517 673 583 >‚amaa
689 515 833 585 xxxxr,
853 517 894 570 15.
909 518 951 571 16.
971 482 1150 585 rancus]

248 691 252 698 '
341 677 382 741 L.
396 676 545 762 Papirius
563 674 659 738 Maso
676 672 842 748 urbanam,
860 671 909 736 M.
919 672 1064 736 Aburius
1082 673 1164 737 inter
1181 673 1369 757 peregrinos

342 772 442 836 sortiti
464 780 547 835 sunt
595 767 644 831 M.
664 764 832 831 Cornelius
858 765 966 852 Scipio
989 767 1224 852 Maluginensis
1247 767 1370 852 Hispa·

340 865 427 929 niam
453 863 649 936 ulteriorem,
676 861 718 924 L.
741 860 904 943 Aquillius
934 859 1048 927 Gallus
1076 860 1218 925 Siciliam
1244 861 1368 926 habuit.

309 978 322 1025 6
342 959 405 1022 duo
426 956 587 1041 deprecati
604 965 692 1030 sunt,
716 977 756 1018 ne
778 954 812 1017 in
829 954 1009 1038 provincias
1027 954 1123 1030 irent,
1141 955 1190 1018 M.
1208 954 1368 1038 Popillius

341 1052 375 1115 in
393 1050 589 1116 Sardiniam:
614 1047 799 1113 Gracchum
822 1048 1107 1132 comprovinciam
1125 1071 1254 1132 pacare,
1278 1048 1308 1113 ei
1326 1047 1367 1113 T.
1394 1099 1403 1103 -

340 1143 517 1209 Aebutium
543 1152 720 1228 praetorem
746 1141 924 1205 adiutorem
950 1141 991 1204 ab
1020 1152 1132 1206 senatu
1155 1142 1264 1205 datum
1286 1165 1367 1206 esse.

308 1237 525 1322 sinterrumpi
552 1249 694 1300 tenorem
720 1257 842 1310 rerum,
870 1235 904 1298 in
930 1234 1046 1317 quibus
1074 1236 1263 1320 peragendis
1291 1257 1368 1302 con-

308 1352 322 1400 8
341 1332 474 1396 tinuatio
492 1331 562 1414 ipsa
580 1329 800 1393 efficacissima
818 1338 912 1405 esset,
929 1329 1059 1394 minime
1079 1331 1256 1394 convenire.
1284 1330 1367 1394 inter

340 1425 543 1492 traditionem
565 1423 679 1506 imperi
705 1423 942 1505 novitatemque
970 1423 1176 1499 successoris,
1204 1445 1286 1505 quae
1308 1445 1368 1486 no-

341 1517 465 1581 scendis
491 1517 579 1601 prius
606 1538 702 1599 quam
725 1516 858 1601 agendis
880 1516 975 1580 rebus
1002 1517 1164 1582 inbuenda
1188 1517 1242 1592 sit,
1270 1539 1366 1601 saepe

342 1610 422 1675 bene
439 1610 597 1695 gerendae
614 1610 660 1674 rei
678 1610 860 1673 occasiones
878 1609 1075 1674 intercidere.
1102 1610 1235 1694 probata
1247 1609 1367 1694 Popilli

308 1724 322 1770 9
342 1704 503 1767 excusatio
522 1715 579 1768 est.
622 1702 662 1766 P.
681 1703 824 1767 Licinius
845 1701 981 1767 Crassus
1001 1704 1149 1768 sacrificis
1168 1726 1201 1767 se
1219 1703 1366 1788 impediri

341 1797 545 1861 sollemnibus
571 1796 758 1873 excusabat,
786 1819 827 1860 ne
851 1796 885 1860 in
906 1797 1103 1882 provinciam
1125 1796 1194 1861 iret.
1240 1795 1365 1860 citerior

292 1911 323 1958 10
341 1890 499 1974 Hispania
521 1890 704 1956 obvenerat.
749 1901 890 1955 ceterum
914 1901 969 1954 aut
986 1890 1032 1954 ire
1054 1891 1159 1954 iussus
1184 1900 1238 1955 aut
1260 1889 1367 1952 iurare

341 2005 399 2069 pro
418 1984 580 2060 contione,
603 1984 748 2051 sollemni
766 1983 920 2047 sacrificio
939 2007 972 2047 se
995 1983 1166 2068 prohiberi.
1208 1983 1241 2045 id
1257 1982 1313 2045 ubi
1330 1982 1365 2045 in

340 2076 379 2139 P.
398 2077 524 2140 Licinio
550 2077 595 2142 ita
618 2087 771 2141 statutum
794 2087 856 2153 est,
884 2088 915 2142 et
937 2077 978 2141 ab
997 2100 1031 2141 se
1054 2077 1102 2140 uti
1123 2078 1172 2141 ius
1195 2075 1366 2139 iurandum

341 2169 520 2254 acciperent
546 2169 595 2234 M.
623 2168 791 2235 Cornelius
822 2171 1009 2255 postulavit,
1041 2193 1082 2234 ne
1114 2170 1147 2233 in
1175 2168 1366 2253 Hispaniam

291 2286 320 2332 11
340 2265 523 2329 ulteriorem
544 2265 613 2329 iret.
663 2275 825 2350 praetores
847 2264 942 2328 ambo
969 2265 1003 2327 in
1026 2264 1137 2328 eadem
1160 2263 1258 2327 verba
1280 2263 1366 2326 iura·

340 2366 422 2419 runt.
466 2357 515 2420 M.
539 2357 676 2420 Titinius
703 2368 736 2420 et
763 2357 802 2420 T.
828 2356 982 2422 Fonteius
1008 2356 1211 2442 proconsules
1238 2378 1365 2420 manere

342 2470 415 2513 cum
439 2450 551 2516 eodem
572 2450 685 2535 imperi
706 2450 775 2515 iure
797 2450 831 2513 in
849 2450 1009 2535 Hispania
1025 2450 1118 2526 iussi,
1137 2460 1167 2514 et
1186 2461 1223 2514 ut
1238 2450 1272 2514 in
1290 2471 1365 2535 sup·

340 2544 535 2628 plementum
556 2545 606 2608 his
630 2545 690 2608 tria
707 2544 795 2608 milia
812 2544 931 2608 civium
947 2544 1166 2609 Romanorum
1184 2566 1259 2609 cum
1277 2544 1366 2627 equi-

340 2638 425 2703 tibus
449 2640 607 2714 ducentis,
631 2636 882 2723 quinquemilia
905 2639 1026 2703 socium
1043 2638 1153 2703 Latini
1175 2639 1311 2703 nominis
1334 2650 1366 2703 et

339 2734 471 2797 trecenti
489 2734 610 2816 equites
628 2734 836 2802 mitterentur.

210 2890 212 2893 ,
308 2848 320 2893 1
403 2824 500 2893 XVI.
527 2828 664 2891 Latinae
687 2827 785 2892 feriae
808 2827 898 2891 fuere
921 2837 994 2890 ante
1012 2826 1097 2891 diem
1120 2828 1246 2891 tertium
1263 2837 1366 2888 nonas

340 2918 457 2995 Maias,
475 2920 509 2983 in
527 2921 642 3001 quibus
660 2922 736 3003 quia
752 2921 786 2983 in
804 2942 868 2983 una
885 2919 989 2983 hostia
1005 2921 1210 3005 magistratus
1219 2919 1365 2984 Lanuvi-

340 3025 399 3074 nus
423 3022 570 3096 precatus
594 3036 659 3077 non
681 3025 748 3078 erat
770 3014 889 3099 populo
911 3013 1057 3078 Romano
1076 3014 1265 3095 Quiritium,
1292 3014 1365 3078 reli-

307 3128 321 3173 2
340 3105 427 3191 gioni
444 3105 528 3191 fuit.
554 3107 588 3170 id
606 3129 679 3172 cum
696 3109 737 3171 ad
756 3120 900 3172 senatum
918 3109 1053 3173 relatum
1072 3121 1155 3174 esset
1173 3120 1364 3191 senatusque

341 3198 382 3262 ad
399 3200 584 3284 pontificum
598 3203 767 3287 collegium
785 3195 955 3280 reiecisset,
973 3202 1186 3287 pontificibus,
1205 3204 1364 3286 quianon

340 3305 426 3357 recte
448 3293 551 3359 factae
569 3295 706 3360 Latinae
724 3308 842 3374 essent,
866 3296 1079 3361 instaurandis
1096 3298 1222 3362 Latinis
1244 3296 1366 3380 placuit

340 3386 542 3464 Lanuvinos,
563 3408 705 3470 ,quorum
728 3412 825 3475 opera
850 3390 1075 3456 instaurandae
1100 3402 1217 3467 essent,
1244 3388 1363 3452 hostias

306 3502 321 3552 3
339 3482 502 3566 praebere.
547 3495 722 3547 accesserat
739 3484 782 3547 ad
798 3484 1000 3568 religionem,
1024 3482 1141 3571 [quod]
1162 3482 1222 3548 Cn.
1243 3479 1366 3546 Corne-

339 3576 401 3641 lius
429 3577 539 3641 consul
566 3600 606 3642 ex
631 3588 738 3643 monte
756 3578 887 3642 Albano
913 3579 1038 3643 rediens
1061 3578 1199 3645 concidit
1220 3589 1253 3642 et
1273 3585 1364 3661 parte

340 3671 553 3736 membrorum
571 3685 693 3757 captus,
711 3673 752 3736 ad
769 3672 884 3754 Aquas
899 3671 1061 3737 Cumanas
1079 3674 1241 3759 profectus
1259 3671 1366 3755 ingra-

306 3785 323 3831 4
339 3777 488 3830 vescente
509 3766 621 3830 morbo
640 3763 752 3830 Cumis
775 3766 920 3830 decessit.
966 3766 1022 3831 sed
1044 3767 1119 3833 inde
1137 3779 1281 3832 mortuus
1299 3764 1367 3827 Ro-

340 3878 425 3921 mam
443 3860 567 3924 adlatus
585 3870 617 3923 et
639 3859 751 3925 funere
773 3860 943 3946 magnifico
962 3861 1063 3927 elatus
1082 3862 1288 3946 sepultusque
1307 3866 1366 3919 est.

306 3968 321 4015 5
340 3950 483 4031 pontifex
505 3953 591 4018 idem
613 3953 727 4019 fuerat.
771 3956 883 4019 consul
901 3953 942 4035 Q.
960 3954 1107 4019 Petillius
1131 3974 1205 4015 cum
1227 3947 1366 4033 primum

341 4063 398 4126 per
414 4046 555 4129 auspicia
572 4060 693 4133 posset,
717 4051 859 4134 collegae
878 4050 1081 4135 subrogando
1101 4043 1229 4109 comitia
1246 4042 1366 4107 habere

339 4136 444 4199 iussus
462 4148 494 4199 et
510 4138 644 4205 Latinas
662 4142 795 4219 edicere,
813 4143 942 4207 comitia
959 4143 992 4208 in
1011 4135 1115 4228 [ante]
1135 4137 1218 4201 diem
1237 4136 1365 4202 tertium

339 4252 439 4295 nonas
454 4227 601 4311 Sextiles,
620 4234 785 4321 [Latinas]
803 4237 837 4300 in
855 4248 928 4303 ante
947 4238 1031 4304 diem
1049 4232 1178 4299 tertium
1195 4232 1268 4298 idus
1283 4230 1366 4297 Sex-
