3384 4975
344 505 408 570 142
532 518 650 572 mnan
667 516 856 586 xxxxml,
874 516 917 570 es.
931 514 974 568 aa.
994 517 1093 582 [sue
1112 513 1176 583 aas]

344 675 447 759 inquit
466 675 623 739 ‘animum
635 675 732 739 istum
746 672 855 749 habui,
865 672 994 749 Nasica,
1003 693 1100 754 quem
1112 684 1148 737 tu
1157 695 1244 738 nunc
1258 673 1378 754 habes3

294 791 326 840 13
346 781 377 834 et
395 791 490 852 quern
504 791 565 854 ego
579 790 665 832 nunc
678 767 792 844 habeo,
811 778 846 830 tu
864 766 1007 830 habebis.
1034 767 1141 830 multis
1155 766 1230 832 belli
1246 770 1378 835 casibus

346 863 456 938 didici,
479 863 608 946 quando
622 862 850 947 pugnandum,
873 861 1000 944 quando
1017 861 1242 926 abstinendum
1264 885 1379 949 pugna

345 957 395 1020 sit.
440 977 505 1020 non
523 966 669 1040 operaest
691 954 787 1019 stanti
808 976 894 1019 nunc
916 954 950 1018 in
973 955 1041 1019 acie
1060 956 1173 1020 docere
1196 957 1319 1039 quibus
1337 959 1378 1024 de

345 1050 449 1116 causis
468 1049 562 1114 hodie
576 1050 701 1133 quiesse
720 1050 834 1114 melius
853 1049 902 1113 sit
947 1049 1085 1114 rationes
1103 1050 1180 1113 alias
1199 1050 1376 1135 reposcite:

294 1169 326 1214 14
344 1166 430 1208 nunc
448 1143 636 1208 auctoritate
654 1143 770 1208 veteris
788 1143 987 1227 imperatoris
1003 1154 1168 1207 contentus
1187 1144 1269 1208 eris.’
1300 1167 1377 1210 con·

344 1238 436 1302 ticuit
453 1238 653 1302 adulescens:
672 1236 759 1301 haud
778 1237 874 1302 dubie
894 1236 1002 1302 videre
1021 1238 1127 1321 aliqua
1145 1237 1377 1322 impedimenta

342 1353 473 1417 pugnae
491 1333 665 1406 consulem,
684 1353 766 1415 quae
784 1331 846 1394 sibi
864 1353 928 1395 non
947 1342 1144 1416 apparerent.

312 1449 322 1494 1
408 1424 598 1491 XXXVII.
624 1425 747 1490 Paulus
770 1436 940 1510 postquam
970 1437 1089 1490 metata
1111 1435 1213 1490 castra
1239 1425 1377 1512 impedi-

343 1533 515 1605 mentaque
539 1522 691 1586 collocata
709 1521 945 1597 animadvertit,
968 1544 1008 1584 ex
1029 1532 1189 1605 postrema
1207 1523 1275 1587 acie
1300 1523 1377 1587 tria-

311 1635 326 1680 2
344 1617 407 1680 rios
422 1617 540 1702 primos
556 1617 714 1693 subducit,
733 1616 847 1680 deinde
861 1615 1029 1700 principes,
1048 1615 1204 1679 stantibus
1218 1615 1253 1679 in
1270 1617 1375 1702 prima

344 1712 412 1775 acie
430 1711 577 1787 hastatis,
600 1711 628 1774 si
646 1710 724 1794 quid
741 1709 840 1773 hostis
859 1721 1014 1784 moveret,
1037 1721 1196 1794 postremo
1220 1709 1374 1788 hastatos,

345 1805 386 1869 ab
404 1805 516 1870 dextro
539 1804 677 1889 primum
695 1825 793 1868 cornu
816 1803 1014 1888 singulorum
1036 1803 1190 1888 paulatim
1208 1803 1375 1888 signorum

310 1916 325 1962 3
344 1900 460 1964 milites
478 1897 678 1963 subtrahens.
712 1896 758 1961 ita
775 1897 897 1982 pedites
916 1896 1076 1980 equitibus
1095 1919 1167 1960 curn
1184 1897 1248 1961 levi
1270 1921 1375 1962 arma-

344 2004 416 2057 tura
433 2003 506 2057 ante
524 1991 624 2057 aciem
642 1991 726 2057 hosti
744 1991 896 2076 oppositis
910 1991 977 2055 sine
996 1992 1134 2055 tumultu
1152 1990 1293 2069 abducti,
1313 2015 1374 2057 nec

344 2097 431 2162 ante,
460 2109 557 2170 quam
580 2086 682 2171 prima
705 2085 793 2150 frons
811 2086 887 2149 valli
905 2108 942 2149 ac
960 2086 1047 2151 fossa
1070 2085 1224 2170 perducta
1241 2098 1305 2163 est,
1335 2110 1375 2152 ex

309 2197 326 2243 4
345 2181 479 2245 statione
497 2181 619 2263 equites
637 2179 776 2246 revocati
794 2191 877 2244 sunt.
913 2203 969 2244 rex
988 2201 1115 2262 quoque
1139 2201 1212 2244 curn
1230 2181 1298 2244 sine
1318 2181 1376 2246 de-

344 2275 532 2338 tractatione
550 2285 682 2357 paratus
705 2297 849 2359 pugnare
868 2296 906 2338 eo
925 2274 976 2337 die
993 2274 1120 2351 fuisset,
1148 2285 1313 2339 contentus
1334 2297 1374 2340 eo

344 2367 431 2448 quod
448 2388 505 2450 per
522 2367 646 2429 hostem
660 2388 782 2429 moram
800 2366 899 2431 fuisse
916 2389 1043 2451 pugnae
1058 2367 1184 2444 scirent,
1203 2367 1319 2452 etipse
1338 2368 1375 2432 in

344 2471 448 2524 castra
466 2459 573 2544 copias
591 2460 727 2524 reduxit.

310 2571 325 2617 5
409 2550 531 2619 Castris
549 2554 736 2638 permunitis
756 2550 794 2619 C.
810 2552 971 2639 Sulpicius
991 2552 1105 2621 Gallus
1123 2556 1269 2619 tribunus
1287 2556 1373 2619 mili-

342 2659 411 2712 tum
426 2649 583 2713 secundae
601 2648 746 2734 legionis,
764 2648 819 2732 qui
836 2660 964 2734 praetor
978 2649 1140 2734 superiore
1159 2671 1241 2713 anno
1255 2649 1372 2725 fuerat,

344 2742 482 2807 consulis
495 2742 657 2827 'permissu
673 2742 714 2806 ad
728 2744 907 2807 contionem
925 2742 1077 2806 militibus
1092 2742 1213 2807 vocatis
1230 2765 1375 2828 pronun·

310 2854 324 2899 e
344 2837 449 2912 tiavit,
472 2848 564 2900 nocte
581 2837 742 2919 proxima,
764 2860 805 2901 ne
823 2837 895 2919 quis
912 2836 946 2900 id
963 2859 1020 2921 pro
1039 2848 1185 2921 portento
1204 2837 1375 2923 acciperet,
1415 2891 1416 2894 η

343 2928 384 2992 ab
402 2930 481 2992 hora
504 2930 644 2993 secunda
661 2951 763 3012 usque
781 2930 823 2993 ad
845 2941 992 3013 quartam
1008 2931 1121 2995 horam
1137 2932 1238 2996 noctis
1260 2933 1375 2996 lunam

342 3021 540 3085 defecturam
554 3044 633 3085 esse.
660 3022 694 3085 id
708 3023 783 3106 quia
796 3024 936 3087 naturali
951 3024 1061 3090 ordine
1070 3026 1160 3089 statis
1175 3026 1374 3109 temporibus

309 3137 323 3182 r
342 3116 411 3192 fiat,
430 3126 462 3180 et
479 3114 552 3179 sciri
569 3125 643 3180 ante
661 3128 692 3180 et
709 3118 850 3201 praedici
868 3140 970 3203 posse.
1004 3120 1112 3201 itaque
1130 3141 1226 3202 quern
1243 3120 1286 3183 ad
1304 3142 1375 3184 mo-

343 3210 434 3287 durn,
461 3209 536 3293 quia
559 3209 637 3274 certi
655 3211 729 3274 solis
751 3212 909 3296 lunaeque
927 3224 959 3278 et
981 3224 1068 3278 ortus
1087 3225 1119 3278 et
1140 3235 1271 3277 occasus
1297 3213 1373 3289 sint,

342 3326 427 3368 nunc
441 3304 536 3388 pleno
551 3304 638 3380 orbe,
656 3327 742 3369 nunc
756 3318 973 3372 senescentem
992 3307 1108 3392 exiguo
1128 3329 1227 3372 cornu
1244 3307 1373 3392 fulgere

341 3398 452 3463 lunam
465 3419 529 3461 non
542 3398 741 3476 mirarentur,
759 3400 804 3463 ita
818 3423 859 3466 ne
874 3401 1036 3466 obscurari
1050 3402 1189 3485 quidem,
1206 3424 1280 3465 cum
1296 3421 1374 3465 con-

308 3511 324 3559 8
342 3493 437 3558 datur
453 3493 569 3557 umbra
586 3504 703 3570 terrae,
722 3494 846 3561 trahere
864 3496 897 3559 in
913 3496 1095 3582 prodigium
1114 3496 1240 3560 debere.
1266 3504 1372 3571 nocte,

342 3609 439 3670 quam
462 3586 565 3674 pridie
586 3610 687 3653 nonas
711 3587 915 3674 Septembres
937 3591 1081 3655 insecuta
1104 3601 1152 3653 est
1173 3589 1258 3665 dies,
1286 3588 1374 3653 edita

342 3680 422 3746 hora
435 3704 508 3746 curn
526 3684 603 3747 luna
618 3681 795 3759 defecisset,
809 3683 963 3748 Romanis
981 3683 1133 3749 militibus
1144 3681 1232 3748 Galli
1246 3683 1374 3768 sapien-

309 3790 323 3836 9
342 3775 387 3839 tia
408 3797 509 3861 prope
531 3776 639 3839 divina
656 3776 771 3853 videri,
793 3777 990 3842 Macedonas
1009 3789 1045 3842 ut
1066 3778 1154 3841 triste
1178 3777 1374 3861 prodigium,

342 3889 491 3933 occasum
516 3868 608 3953 regni
638 3869 873 3953 perniciemque
904 3870 1009 3954 gentis
1041 3872 1235 3954 portendens
1261 3869 1374 3945 movit,

341 3980 401 4023 nec
419 3962 510 4025 aliter
526 3973 625 4026 vates.
671 3962 790 4026 clamor
811 3964 1014 4044 ululatusque
1038 3964 1071 4026 in
1090 3964 1200 4028 castris
1217 3963 1374 4027 Macedo-

342 4071 421 4113 num
437 4053 509 4130 fuit,
527 4056 628 4120 donec
646 4045 722 4119 luna
738 4055 773 4119 in
791 4078 882 4120 suam
899 4057 1003 4119 lucem
1021 4058 1158 4122 emersit

293 4162 325 4208 10
406 4142 541 4209 Postero
560 4148 611 4213 die
626 4183 670 4195 —
683 4159 790 4213 tantus
808 4148 934 4232 utrique
953 4149 1047 4213 ardor
1064 4150 1217 4215 exercitui
1234 4149 1276 4214 ad
1295 4170 1373 4213 con-

343 4234 535 4303 currendum
552 4240 670 4319 fuerat,
688 4253 725 4306 ut
742 4252 773 4307 et
789 4263 900 4326 regern
918 4251 949 4306 et
967 4243 1129 4308 consulem
1148 4265 1278 4308 suorum
1299 4241 1373 4326 qui-
