3384 4975
502 522 620 578 LIBER
637 520 794 587 XXXXV,
813 519 856 574 35.
871 519 913 574 36.
933 524 1009 586 [au.
1020 535 1044 574 c.
1055 520 1119 587 167]
1144 560 1147 565 .
1264 505 1326 572 185

297 691 412 748 verant
428 703 468 745 ex
485 680 582 745 tantis
598 678 683 764 regis
702 676 831 762 opibus,
860 675 991 740 dederat
1011 674 1090 739 nihil
1107 675 1277 755 relicturis,
1301 678 1328 741 si

299 774 442 842 aviditati
463 775 696 858 indulgeretur,
723 771 808 853 quod
830 770 864 832 in
883 769 1042 834 aerarium
1061 768 1206 835 deferret.
1241 781 1360 839 totus?

298 863 529 934 Macedonicus
561 864 716 931 exercitus
748 864 930 948 imperatori
959 861 1071 946 [iratus
1098 861 1188 948 fuit];
1218 864 1325 948 itaque

297 963 507 1049 neglegenter
524 956 624 1044 [erat]
643 957 811 1021 adfuturus
830 957 964 1021 comitiis
981 957 1134 1022 ferendae
1151 959 1241 1043 legis.
1270 960 1326 1024 sed
1344 977 1359 1025 8

299 1078 354 1120 ecs
374 1053 443 1120 Ser.
460 1050 621 1136 Sulpicius
640 1049 756 1127 Galba,
775 1050 830 1133 qui
849 1050 994 1114 tribunus
1012 1049 1149 1114 militum
1167 1051 1324 1116 secundae

298 1147 433 1234 legionis
456 1147 490 1211 in
506 1144 699 1210 Macedonia
716 1143 835 1220 fuerat,
858 1144 1006 1229 privatim
1023 1143 1206 1228 imperatori
1223 1145 1327 1209 inimi-

299 1263 371 1319 cus,
398 1240 577 1327 prensando
601 1239 670 1324 ipse
688 1247 721 1303 et
741 1260 799 1322 per
821 1260 899 1301 suae
921 1237 1054 1323 legionis
1080 1238 1195 1303 milites
1214 1239 1329 1304 sollici-

297 1336 395 1400 tando
411 1335 637 1409 stimulaverat,
656 1342 692 1396 ut
705 1331 888 1414 frequentes
903 1331 943 1395 ad
959 1330 1149 1416 suffragium
1163 1333 1324 1398 adessentr

298 1429 503 1513 imperiosum
521 1428 636 1490 ducem
654 1436 687 1490 et
707 1425 885 1510 malignum
904 1425 1097 1508 antiquando
1116 1426 1323 1511 rogationem,
1344 1443 1360 1491 9

298 1543 381 1606 quae
404 1522 442 1586 de
464 1520 624 1605 triumpho
645 1519 716 1595 eius
740 1518 890 1595 ferretur,
919 1519 1153 1584 ulciscerentur.
1198 1521 1324 1605 plebem

297 1615 453 1679 urbanam
467 1625 647 1679 secuturam
662 1635 731 1678 esse
746 1613 882 1676 militum
899 1611 1026 1676 iudicia.
1055 1612 1223 1698 pecuniam
1235 1614 1327 1681 illum

298 1707 374 1773 dare
399 1708 557 1793 potuisse,
584 1707 715 1771 militem
741 1706 895 1770 honorem
918 1706 993 1770 dare
1020 1703 1113 1792 [non]
1138 1728 1242 1792 posse.
1285 1731 1326 1772 ne

297 1813 438 1887 speraret
454 1801 499 1865 ibi
517 1800 656 1865 fructum
673 1801 805 1885 gratiae,
822 1800 879 1863 ubi
897 1817 962 1864 non
979 1800 1155 1865 meruisset.

360 1893 532 1958 XXXVI.
559 1894 592 1958 Is
614 1893 765 1968 incitatis,
794 1915 867 1958 cum
889 1894 923 1956 in
945 1891 1104 1978 Capitolio
1126 1895 1323 1979 rogationem
1345 1914 1358 1958 1

297 2010 369 2054 eam
394 1987 445 2050 Ti.
470 1986 679 2071 Sempronius
710 1986 856 2049 tribunus
883 1985 985 2070 plebis
1012 1987 1109 2052 ferret
1136 1999 1168 2052 et
1191 1990 1324 2073 privatis

297 2079 370 2168 [de]
392 2081 465 2166 lege
487 2080 612 2143 dicendi
637 2079 726 2143 locus
750 2091 846 2156 esset,
875 2079 916 2142 ad
944 2079 1143 2143 suadendum
1170 2092 1206 2144 ut
1231 2083 1265 2144 in
1290 2105 1325 2145 re

295 2176 427 2239 minime
445 2173 544 2238 dubia
561 2173 641 2237 haut
658 2171 829 2254 quisquam
846 2172 1041 2256 procederet,
1063 2170 1132 2238 Ser.
1153 2170 1259 2238 Galba
1275 2196 1325 2238 re·
1343 2187 1360 2232 2

296 2280 392 2354 pente
410 2267 565 2354 processit
583 2278 615 2333 et
628 2292 648 2331 a
661 2266 796 2330 tribunis
814 2265 996 2351 postulavit,
1015 2277 1061 2343 ut,
1081 2267 1233 2349 quoniam
1247 2266 1326 2331 hora

295 2362 361 2427 iam
379 2372 493 2427 octava
510 2362 574 2426 diei
592 2370 676 2426 esset
698 2381 758 2425 nec
776 2360 853 2424 satis
876 2359 1027 2445 temporis
1047 2360 1087 2424 ad
1107 2360 1326 2425 demonstran-

297 2455 375 2520 dum
393 2454 534 2532 haberet,
553 2477 609 2520 cur
626 2455 667 2518 L.
678 2454 854 2520 Aemilium
872 2477 936 2519 non
954 2455 1102 2522 iuberent
1119 2455 1323 2542 triumphare,

295 2550 330 2614 in
353 2559 516 2634 posterum
538 2549 622 2611 diem
645 2548 809 2612 differrent
831 2558 864 2613 et
886 2571 980 2613 mane
999 2572 1071 2613 eam
1092 2572 1161 2614 rem
1179 2562 1324 2634 agerent:

295 2642 420 2726 integro
452 2640 513 2705 sihi
544 2641 595 2705 die
627 2641 669 2704 ad
699 2663 828 2705 causam
860 2664 932 2706 eam
958 2643 1110 2707 orandam
1138 2664 1217 2727 opus
1244 2665 1323 2707 esse.

296 2756 371 2800 cum
396 2735 516 2799 tribuni
538 2735 642 2800 dicere
666 2756 704 2799 eo
728 2734 793 2811 die,
821 2734 944 2818 siquid
967 2736 1076 2814 vellet,
1103 2736 1264 2815 iuberent,
1290 2738 1324 2801 in
1343 2747 1360 2794 3

295 2839 422 2895 noctem
448 2852 518 2894 rem
540 2829 674 2894 dicendo
697 2828 834 2893 extraxit
856 2828 1024 2894 referendo
1052 2829 1325 2913 admonendoque,

297 2933 409 2987 exacta
427 2922 542 2987 acerbe
560 2922 670 2985 munia
687 2922 833 2987 militiae:
860 2923 933 3008 plus
951 2922 1085 3001 laboris,
1102 2925 1174 3009 plus
1192 2924 1326 3009 periculi

297 3037 394 3100 quam
412 3017 623 3082 desiderasset
640 3039 691 3082 res
708 3018 901 3094 iniunctum,
928 3028 1037 3085 contra
1054 3019 1088 3083 in
1105 3020 1254 3103 praemiis
1259 3066 1268 3097 ,
1291 3019 1326 3084 in

296 3108 470 3175 honoribus
488 3111 594 3175 omnia
612 3122 727 3189 artata,
745 3112 971 3195 militiamque,
996 3112 1023 3176 si
1040 3112 1157 3178 talibus
1176 3114 1325 3179 succedat
1343 3123 1361 3171 4

299 3202 449 3278 ducibus,
475 3204 682 3269 horridiorem
708 3207 994 3291 asperiorem[que]
1017 3206 1223 3284 bellantibus,
1251 3229 1326 3272 ean-

298 3295 372 3360 dem
389 3295 561 3361 victoribus
579 3299 707 3383 inopem
722 3308 817 3382 atque
835 3299 1056 3364 inhonoratam
1074 3300 1225 3364 futuram.
1251 3300 1326 3364 Ma-

298 3387 435 3453 cedonas
457 3389 492 3454 in
513 3390 643 3455 meliore
665 3391 794 3455 fortuna
811 3413 909 3474 quam
931 3393 1046 3456 milites
1064 3392 1226 3456 Romanos
1245 3414 1323 3457 esse.

296 3482 326 3545 si
351 3481 533 3564 frequentes
558 3494 685 3567 postero
708 3484 758 3547 die
785 3485 827 3547 ad
852 3485 958 3567 legem
982 3485 1209 3566 antiquandam
1233 3486 1359 3548 ades-5

297 3584 382 3650 sent,
407 3574 624 3640 intellecturos
651 3576 789 3659 potentis
815 3577 914 3654 viros,
941 3601 1006 3642 non
1033 3577 1139 3640 omnia
1164 3577 1197 3641 in
1224 3578 1324 3655 ducis,

297 3667 419 3752 aliquid
442 3680 474 3733 et
497 3670 532 3733 in
557 3669 691 3733 militum
715 3694 813 3735 manu
835 3694 915 3736 esse.
969 3672 1019 3735 his
1045 3670 1177 3735 vocibus
1203 3672 1358 3737 incitatiss

296 3774 425 3849 postero
451 3763 502 3827 die
524 3763 641 3829 milites
663 3774 751 3828 tanta
773 3764 952 3847 frequentia
975 3763 1171 3850 Capitolium
1197 3768 1325 3851 conple-

296 3867 421 3934 verunt,
438 3867 475 3922 ut
493 3857 597 3922 aditus
615 3858 694 3922 nulli
710 3868 874 3943 praeterea
892 3860 933 3923 ad
950 3858 1140 3945 suffragium
1156 3859 1323 3926 ferendum

297 3961 390 4016 esset.
417 3950 499 4015 intro
518 3963 650 4017 vocatae
668 3951 790 4037 primae
808 3953 909 4019 tribus
927 3976 1000 4019 cum
1018 3954 1228 4037 antiquarent,
1247 3977 1322 4019 con·
1342 3962 1357 4010 7

298 4063 409 4110 cursus
432 4046 465 4110 in
484 4044 680 4132 Capitolium
703 4046 883 4134 principum
906 4048 1041 4114 civitatis
1064 4048 1168 4114 factus
1186 4061 1248 4126 est,
1275 4050 1324 4113 in—

298 4138 430 4224 dignum
447 4139 571 4207 facinus
590 4165 659 4208 esse
677 4142 916 4221 clamitantium,
934 4143 975 4207 L.
994 4143 1134 4207 Paulum
1151 4142 1230 4207 tanti
1247 4143 1322 4207 belli

294 4234 448 4319 ¹victorem
467 4235 635 4323 despoliari
653 4236 828 4323 triumpho:
847 4238 1000 4304 obnoxios
1018 4238 1223 4323 imperatores
1240 4235 1361 4301 tradis
