3384 4975
336 500 400 565 100
533 491 843 579 manaxxxxnr,
861 463 904 564 ic.
921 510 962 564 ra.
983 509 1172 578 [auseae]

334 669 433 754 signis
451 691 566 734 census
584 667 702 744 docuit,
719 668 753 730 in
770 665 968 752 provinciam
987 667 1157 750 cogebant3
1176 686 1291 731 causas
1310 668 1367 732 sti—

301 787 316 835 8
335 763 447 848 pendis
457 758 627 849 [emeritis]
637 762 806 838 missorum
820 760 1057 845 cognoscebant
1071 770 1103 823 et
1116 759 1206 824 euius
1220 759 1367 826 nondum

334 857 419 921 iusta
436 856 545 922 missio
563 855 632 919 visa
649 865 748 932 esset,
775 854 820 918 ita
840 855 892 917 ius
913 851 1085 917 iurandum
1108 853 1282 938 adigebant
1306 861 1368 921 ‘ex

335 951 384 1014 tui
399 950 497 1014 animi
515 949 682 1026 sententia,
699 959 735 1012 tu
753 971 793 1013 ex
811 947 915 1014 edicto
933 944 971 1012 C.
983 945 1112 1022 Claudi,
1130 947 1180 1011 Ti.
1192 945 1366 1033 Semproni

325 1066 502 1109 censorum
519 1044 553 1108 in
570 1042 768 1128 provinciam
785 1040 1013 1107 Macedoniam
1029 1040 1163 1117 redibis,
1190 1042 1279 1125 quod
1296 1043 1366 1109 sine

336 1137 408 1202 dolo
425 1137 509 1201 malo
527 1137 634 1202 facere
651 1136 803 1222 poterisl'

303 1253 316 1298 1
398 1231 496 1298 XVI.
519 1231 729 1314 Inequitibus
745 1229 947 1295 recensendis
960 1229 1057 1293 tristis
1072 1227 1246 1294 admodum
1255 1253 1367 1297 eorum

302 1347 317 1394 2
335 1337 431 1410 atque
454 1347 567 1410 aspera
592 1347 729 1388 censura-
742 1324 818 1400 fuit3
841 1323 949 1386 multis
971 1343 1070 1405 equos
1089 1323 1287 1389 ademerunt.
1331 1326 1366 1391 in

337 1442 376 1484 ea
393 1440 428 1484 re
446 1440 519 1483 cum
538 1429 717 1502 equestrem
736 1417 879 1482 ordinem
898 1415 1119 1493 offendissent,
1136 1417 1299 1483 flammam
1316 1419 1366 1484 in-

232 1528 234 1545 '
335 1512 439 1577 vidiae
457 1512 600 1577 adiecere
618 1512 732 1589 edicto,
749 1533 814 1595 quo
829 1511 1007 1586 edixerunt,
1024 1510 1150 1592 nequis
1170 1534 1291 1590 eorum,
1309 1512 1365 1596 qui

335 1604 512 1686 Q.Fulvio,
530 1606 574 1670 A.
582 1605 751 1670 Postumio
769 1604 956 1669 censoribus
975 1603 1104 1688 publiea
1122 1605 1292 1690 vectigalia
1310 1617 1366 1672 aut

335 1700 418 1763 ultro
445 1698 564 1763 tributa
591 1698 831 1774 conduxissent,
860 1697 901 1762 ad
926 1697 1053 1761 hastam
1080 1720 1172 1761 suam
1199 1699 1366 1764 accederet

302 1792 481 1859 aeoniusve
507 1804 564 1856 aut
589 1793 702 1857 adfinis
728 1792 797 1858 eius
824 1792 1043 1856 conductionis
1070 1802 1164 1856 esset.
1210 1815 1305 1877 saepe
1331 1793 1366 1856 id

336 1884 498 1970 querendo
516 1897 639 1952 veteres
656 1886 819 1972 publicani
837 1908 911 1950 cum
928 1885 1098 1971 impetrare
1116 1885 1304 1968 nequissent
1323 1887 1364 1950 ab

254 2013 256 2017 ·
337 1990 460 2056 senatu,
478 1991 515 2044 ut
529 1980 662 2044 modum
680 1979 830 2065 potestati
843 1980 1005 2045 censoriae
1020 1979 1217 2063 inponerent,
1235 1980 1365 2044 tandem

336 2072 499 2138 tribunum
511 2073 614 2158 plebis
624 2071 695 2159 [Ρ]
705 2073 874 2150 Rutilium,
892 2097 933 2138 ex
946 2072 992 2137 rei
1005 2073 1148 2157 privatae
1164 2073 1365 2137 contentione

302 2189 319 2235 4
336 2165 453 2231 iratum
467 2168 662 2244 censoribus,
675 2178 845 2253 patronum
856 2189 971 2232 causae
983 2166 1091 2230 nancti
1106 2176 1189 2229 sunt.
1218 2166 1367 2230 clientem

336 2260 521 2326 libertinum
538 2261 692 2346 parietem
708 2261 742 2325 in
761 2283 851 2325 sacra
865 2262 918 2325 via
936 2259 1088 2325 adversus
1106 2259 1201 2324 aedes
1220 2259 1365 2345 publicas

303 2376 318 2422 5
338 2353 482 2417 demoliri
489 2353 657 2429 iusserant,
672 2354 758 2437 quod
767 2354 895 2437 publico
904 2353 1123 2418 inaedificatus
1138 2364 1230 2418 esset.
1256 2353 1366 2438 appel-

336 2445 392 2510 lati
410 2469 429 2510 a
446 2446 570 2531 privato
587 2447 716 2511 tribuni.
749 2469 823 2512 cum
840 2458 967 2533 praeter
984 2447 1140 2513 Rutilium
1158 2469 1252 2512 nemo
1270 2447 1368 2512 inter·

338 2539 480 2618 cederet,
499 2564 647 2608 censores
665 2543 707 2607 ad
723 2543 857 2628 pignera
875 2542 1031 2628 capienda
1047 2543 1202 2608 miserunt
1218 2543 1368 2608 multam-

304 2658 318 2703 c
338 2657 400 2718 que
417 2657 476 2722 pro
494 2637 641 2702 contione
658 2638 782 2723 privato
801 2638 959 2702 dixerunt.
986 2638 1061 2701 hinc
1079 2638 1280 2702 contentione
1298 2648 1368 2702 orta

337 2753 412 2796 cum
446 2744 569 2798 veteres
605 2732 769 2819 publicani
804 2757 839 2799 se
875 2732 916 2797 ad
952 2733 1115 2796 tribunum
1150 2732 1367 2809 contulissent,

305 2849 318 2893 7
337 2824 461 2910 rogatio
483 2839 614 2911 repente
641 2828 701 2891 sub
723 2828 818 2891 unius
840 2827 960 2890 tribuni
985 2827 1112 2891 nomine
1135 2828 1367 2912 promulgatur,

338 2940 421 3002 quae
438 2920 567 3003 publica
588 2920 765 3005 vectigalia,
784 2922 868 2983 ultro
886 2920 1005 2984 tributa
1034 2917 1072 2984 O.
1092 2917 1249 2984 Claudius
1267 2931 1300 2985 et
1316 2919 1367 2983 Ti.

340 3010 547 3095 Sempronius
560 3013 728 3088 locassent,
747 3025 869 3079 carata
885 3014 1055 3078 locatione
1071 3025 1168 3079 esset:
1188 3014 1229 3077 ab
1241 3013 1368 3098 integro

338 3105 533 3183 locarentur,
556 3116 589 3170 et
610 3117 647 3170 ut
664 3107 810 3172 omnibus
828 3108 1005 3173 redimendi
1023 3119 1055 3173 et
1077 3107 1276 3173 conducendi
1293 3130 1369 3193 pro·

306 3219 321 3267 8
339 3198 460 3264 miscus
481 3199 532 3264 ius
551 3211 643 3265 esset.
689 3200 774 3265 diem
792 3201 833 3266 ad
851 3202 1050 3288 rogationem
1069 3202 1202 3267 concilio
1220 3202 1368 3267 tribunus

339 3296 441 3381 plebis
459 3296 549 3360 dixit.
585 3296 641 3380 qui
657 3307 829 3381 postquam
846 3298 948 3375 venit,
967 3310 1003 3361 ut
1021 3320 1167 3363 censores
1185 3298 1227 3361 ad
1244 3297 1369 3362 dissua-

341 3389 482 3455 dendum
508 3401 744 3475 processerunt,
772 3389 921 3457 Graccho
949 3392 1072 3457 dicente
1105 3391 1265 3456 silentium
1292 3390 1368 3467 fuit3

343 3480 448 3571 [cum]
469 3481 606 3570 Claudio
623 3486 873 3572 obstreperetur,
895 3486 1091 3551 audientiam
1109 3486 1215 3550 facere
1238 3505 1370 3570 praeco-

308 3598 322 3646 9
341 3604 416 3647 nem
432 3580 533 3645 iussit.
579 3603 618 3647 eo
640 3581 725 3647 facto
750 3593 917 3647 avocatam
935 3605 955 3647 a
973 3605 1006 3647 se
1024 3580 1204 3645 contionem
1222 3579 1371 3643 tribunus

340 3686 472 3757 questus
490 3675 573 3740 etin
591 3676 734 3742 ordinem
751 3699 786 3742 se
805 3687 962 3754 coactum,
979 3700 1020 3741 ex
1039 3673 1209 3759 Capitolio,
1228 3673 1285 3736 ubi
1303 3682 1372 3736 erat

293 3784 324 3832 10
342 3768 522 3845 concilium,
540 3770 628 3835 abiit.
654 3782 782 3856 postero
797 3771 849 3837 die
866 3772 1005 3857 ingentis
1023 3770 1179 3835 tumultus
1197 3768 1290 3832 ciere.
1319 3766 1370 3829 Ti.

344 3860 484 3927 Gracchi
501 3862 639 3946 primum
657 3865 741 3929 bona
759 3867 965 3941 consecravit,
984 3865 1071 3947 quod
1088 3865 1121 3927 in
1139 3864 1240 3927 multa
1257 3862 1372 3946 pigno·

342 3952 494 4037 ribusque
510 3956 588 4032 eius,
606 3957 662 4040 qui
679 3959 842 4024 tribunum
858 3960 1056 4043 appellasset,
1075 3956 1293 4022 intercessioni
1308 3977 1373 4019 non

295 4062 325 4107 11
344 4048 496 4129 parendo,
514 4071 548 4113 se
565 4050 599 4113 in
616 4051 760 4117 ordinem
777 4054 947 4137 coegisset3
966 4049 1005 4115 C.
1022 4051 1159 4116 Claudio
1178 4052 1264 4116 diem
1282 4049 1373 4124 dixit,

345 4136 432 4221 quod
449 4142 631 4208 contionem·
646 4146 687 4209 ab
711 4170 744 4212 se
763 4155 941 4219 avocasset,
965 4155 997 4208 et
1014 4145 1139 4228 utrique
1158 4145 1282 4211 censori
1299 4165 1373 4228 per·

346 4230 538 4297 duellionem
561 4258 595 4301 se
618 4239 758 4307 iudicare
784 4238 1000 4327 pronuntiavit
1023 4240 1171 4323 diemque
1195 4238 1330 4305 comitiis
1354 4261 1374 4300 a
