3384 4975
385 501 450 566 218
575 509 796 567 PERIOCHAE
813 507 1018 564 LIBRORUM
1035 506 1237 564 OX-GXIII.

385 651 556 720 Hispaniam
570 649 604 703 L.
618 647 766 702 Afranium
780 652 810 702 et
821 647 861 700 Μ.
874 646 1017 702 Petreium
1031 646 1141 717 legatos
1156 644 1208 699 On.
1222 645 1341 714 Pompei
1356 663 1424 702 cum

386 724 496 841 septem
510 719 536 773 le
557 718 668 798 ionibus
683 717 720 772 ad
732 716 857 771 Ilerdam
870 716 900 769 in
914 715 1086 836 deditiongm
1096 714 1206 795 aceepit
1214 730 1369 796 omnesque
1379 717 1423 770 in-

386 786 785 927 totitemtuhlttt?
822 784 1424 932 tellit?ttattttttttbttitt

386 924 497 980 duobus
513 924 661 978 navalibus
678 922 792 992 proeliis
809 922 878 975 victi
890 926 955 990 post
968 921 1083 992 longam
1096 920 1270 975 obsrdionem
1304 924 1424 976 otestati

387 993 517 1049 Caesaris
527 1010 557 1046 se
565 991 759 1062 permiserunt
786 989 818 1045 C.
827 989 969 1043 Antonius
977 989 1089 1060 legatus
1098 988 1263 1044 Caesarism
1294 991 1422 1044 cadver-

386 1079 435 1116 aus
448 1061 635 1131 Pompeianos
652 1059 682 1113 in
694 1059 809 1139 Illyrico
826 1058 912 1113 rebus
930 1059 1017 1129 gestis
1035 1062 1135 1128 captus
1153 1063 1209 1126 est,
1226 1058 1257 1111 in
1272 1074 1328 1127 quo
1341 1059 1422 1114 bello

387 1130 548 1201 Opitergini
560 1128 757 1198 transpadenr,
773 1126 901 1182 Caesaris
916 1126 1080 1195 auxiliares,
1093 1131 1154 1181 rate
1164 1143 1215 1180 sua
1225 1126 1261 1180 ab
1270 1127 1423 1181 hostilibus

293 1258 299 1269 ,
386 1198 507 1253 navibus
521 1199 612 1265 clusa,
627 1199 814 1267 potiusquam
823 1197 853 1248 in
863 1199 1031 1264 potestatem
1039 1195 1161 1248 hostium
1170 1195 1297 1249 venirent
1305 1197 1382 1250 inter
1391 1213 1422 1251 se

386 1272 585 1321 concurrentes
603 1266 801 1319 occubuerunt.
829 1262 860 1319 O.
875 1262 973 1332 Curio,
991 1263 1103 1334 legatus
1121 1262 1249 1318 Caesaris
1268 1264 1297 1316 in
1309 1264 1420 1320 Africa.

386 1353 452 1389 cum
464 1351 597 1405 prospere
612 1334 744 1388 adversus
754 1332 861 1388 Varum
870 1331 1105 1401 Pompeianarum
1118 1333 1240 1400 partium
1254 1331 1354 1386 ducem
1390 1351 1421 1387 u·

386 1409 516 1475 guasset,
532 1402 630 1456 aluba
642 1419 710 1473 rege
719 1402 914 1456 Mauretaniae
924 1417 986 1455 curn
996 1401 1118 1455 exercitu
1127 1417 1226 1454 caesus
1236 1406 1286 1454 est.
1306 1400 1337 1456 G.
1373 1418 1421 1457 ae·

387 1471 632 1528 sarinGraeoiam
641 1471 762 1525 traiecit.

568 1551 608 1591 ax
622 1552 678 1590 ma.
694 1550 742 1590 cxi
757 1550 808 1601 er
821 1551 874 1592 asu
888 1549 992 1590 c1v1u1s
1006 1549 1095 1590 anum
1107 1550 1233 1590 rasurus,

415 1618 418 1625 '
438 1608 478 1662 Μ.
488 1607 601 1663 Caelius
610 1608 700 1662 Rufus
709 1614 837 1678 praetor,
852 1625 916 1661 curn
925 1607 1195 1662 seditionesinurbe
1205 1607 1362 1662 concitaret
1371 1624 1420 1662 no-

386 1695 485 1732 varum
493 1677 653 1732 tabularum
662 1695 711 1747 spe
720 1677 804 1746 plebe
815 1677 978 1745 sollicitata,
994 1676 1131 1756 abrogato
1145 1676 1311 1746 magistratu
1320 1677 1420 1745 pulsus

387 1747 458 1800 urbe
480 1745 581 1800 Miloni
598 1746 684 1813 exuli,
709 1746 758 1815 qui
778 1745 961 1817 fugitivorum
989 1751 1139 1799 exercitum
1168 1749 1359 1810 contraxerat,
1389 1762 1420 1800 se

388 1814 539 1868 coniunxit.
566 1819 696 1883 uterque,
711 1831 775 1868 oum
783 1814 891 1868 bellum
899 1812 1072 1881 molirentur,
1087 1812 1227 1868 interfecti
1238 1818 1310 1866 sunt.
1338 1812 1420 1867 Cleo·

387 1888 472 1952 patra
485 1882 585 1954 regina
593 1881 921 1954 AegyptiaPtolemaeo
935 1882 1023 1936 fratre
1037 1898 1125 1952 regno
1134 1882 1217 1950 pulsa
1226 1887 1277 1935 est.
1303 1886 1420 1951 propter

388 1951 423 2015 Q.
438 1950 519 2006 Cassi
536 1953 674 2021 praetoris
688 1951 835 2006 avaritiam
847 1951 1099 2020 crudelitatemque
1113 1949 1308 2005 Cordubenses
1322 1950 1351 2003 in
1366 1949 1418 2003 Hi-

389 2020 490 2090 spania
511 2036 575 2073 cum
597 2020 706 2074 duabus
725 2019 909 2075 Varronianis
930 2018 1089 2090 legionibus
1108 2017 1270 2088 apartibus
1289 2018 1420 2073 Caesaris

389 2089 574 2144 desciverunt.
602 2087 653 2143 Cn.
662 2088 813 2158 Pompeius
828 2088 865 2143 ad
874 2088 1062 2158 Dyrrachium
1077 2086 1206 2141 obsessus
1220 2105 1238 2140 a
1247 2086 1370 2142 Caesare
1380 2093 1418 2155 et,

389 2157 536 2226 praesidiis
554 2157 614 2212 eius
632 2174 696 2211 oum
707 2175 813 2229 magna
828 2157 909 2211 clade
924 2156 1049 2210 diversae
1063 2156 1152 2225 partis
1165 2173 1237 2225 expu
1258 2157 1331 2210 natis
1345 2156 1420 2209 obsi·

388 2226 473 2281 dione
491 2225 640 2295 liberatus,
659 2226 797 2280 translato
814 2225 845 2279 in
859 2223 1037 2280 Thessaliam
1050 2224 1139 2290 bello,
1155 2240 1172 2277 a
1193 2225 1231 2277 ud
1264 2224 1420 2279 harsaliam

389 2293 451 2349 acie
462 2293 552 2347 victus
562 2300 613 2348 est.
639 2293 738 2348 Cicero
751 2295 780 2348 in
790 2293 889 2348 castris
897 2294 1044 2361 remansit,
1059 2293 1101 2346 vir
1109 2242 1278 2347 nimiminus
1287 2310 1370 2362 quam
1381 2292 1421 2346 ad

387 2362 465 2416 bella
487 2367 580 2415 natus.
615 2363 797 2431 omnibusque
816 2362 995 2416 adversarum
1011 2361 1146 2431 partium,
1171 2361 1220 2432 qui
1237 2378 1266 2415 se
1283 2362 1420 2431 potestati

387 2430 501 2483 victoris
509 2430 702 2499 permiserant,
712 2429 942 2499 Caesarignorit.

561 2512 602 2551 nx
614 2511 671 2551 ma.
687 2509 746 2550 cxn
760 2510 809 2561 Qvi
823 2512 876 2551 usu
890 2510 994 2553 omma
1007 2511 1094 2551 natur
1108 2510 1246 2561 Qvaauvs.

440 2567 607 2638 Trepidatio
620 2570 756 2623 victarum
789 2568 891 2624 artium
904 2569 934 2623 in
948 2570 1072 2625 diversas
1085 2570 1160 2623 orbis
1173 2576 1309 2623 terrarum
1322 2575 1419 2639 partes

388 2643 420 2692 et
435 2636 506 2708 fuga
523 2637 652 2693 refertur.
690 2636 741 2692 Cn.
785 2638 911 2708 ompeius
930 2655 993 2694 cum
1009 2640 1054 2693 Ae
1095 2643 1174 2708 ptum
1191 2640 1323 2708 petisset,
1342 2639 1420 2691 iussu

387 2706 546 2762 Ptolemaei
558 2706 647 2779 regis,
661 2707 763 2777 pupilli
776 2708 832 2775 sui,
847 2713 960 2763 auctora
971 2657 1117 2763 Theodrito
1130 2713 1325 2775 praeceptore,
1341 2706 1420 2785 cuius

388 2776 1078 2897 migiiaipitregemff¹4¹1⁰i⁰ritffi²i⁶tp⁰iffi¹i⁰
1088 2776 1195 2896 ocatisus
1206 2774 1290 2855 estab
1297 2774 1418 2896 Atchrlla,

389 2860 463 2897 eurr
515 2861 612 2897 acinus
630 2861 679 2898 era
729 2861 811 2898 eoa
903 2862 933 2899 1n
950 2860 1081 2898 navicua
1099 2861 1164 2898 ane
1184 2860 1249 2897 uam
1267 2861 1296 2896 rn
1327 2860 1420 2897 errem

388 2910 485 2965 exiret.
513 2910 645 2967 Cornelia
658 2929 727 2966 uxor
740 2918 769 2967 et
804 2930 845 2967 ex.
860 2884 1011 2983 Pompeius
1025 2910 1100 2965 filius
1117 2860 1231 2982 quron
1244 2903 1419 2981 refugerunt.

389 2978 497 3033 Caesar
503 2985 568 3047 post
576 2979 689 3033 tertium
699 2980 774 3035 diem
783 2980 939 3046 insecutus,
953 2997 1017 3034 cum
1031 2980 1058 3035 ai
1068 2980 1148 3034 Theo
1169 2985 1231 3034 otus
1241 2984 1327 3049 caput
1335 2980 1420 3034 Pom·

388 3046 437 3116 pei
451 3050 480 3100 et
494 3047 608 3100 anulum
622 3047 782 3115 obtulisset,
797 3047 922 3102 infensus
936 3054 979 3103 est
996 3054 1026 3102 et
1042 3048 1242 3103 inlacrimauit·
1263 3052 1339 3116 [nec]
1359 3049 1421 3103 sine

387 3112 724 3236 perigrldgAltgxandriam
732 3116 948 3239 mallim?
957 3116 1079 3239 ingeri&
1099 3088 1333 3241 {aesfardigtatog
1343 3134 1421 3239 ofiea·

388 3198 1422 3325 Puteoleniabrimiiileliirbibicilribusffgiribirbffibiiipeiurirniritrgrliebbiatffeffi

388 3270 1423 3446 sisertererestereresintroiretur

388 3474 454 3511 eum
466 3407 625 3528 legieriibus
638 3460 692 3514 iter
705 3465 735 3516 et
746 3459 853 3515 bellum
867 3477 885 3515 a
898 3433 949 3515 oi.
959 3460 1083 3516 Domitio
1097 3460 1229 3515 adversus
1242 3408 1422 3515 Pharnacem

388 3542 488 3597 parum
496 3543 629 3597 prospere
639 3534 749 3599 gestum
758 3529 890 3584 eontinet.

559 3608 668 3649 axius.
683 3607 754 3650 exin
767 3608 818 3659 ow
831 3609 885 3649 ast
898 3608 1002 3650 crvnrs
1017 3610 1105 3650 13er
1123 3608 1256 3660 ovrurvs.

440 3662 618 3720 Confirmatis
632 3665 770 3720 inAfrioa
778 3666 959 3737 Pompeianis
968 3667 1109 3738 partibus,
1124 3667 1161 3721 im
1184 3666 1272 3722 erium
1281 3682 1377 3721 earum
1386 3666 1422 3720 P.

390 3730 438 3788 Sci
458 3734 516 3787 inni
529 3732 654 3787 delatum
667 3733 710 3789 est
723 3735 843 3803 Catone,
859 3734 904 3789 eui
918 3752 952 3790 ex
966 3752 1056 3806 aequo
1070 3685 1251 3792 deferebatur
1262 3735 1421 3805 imperium,

389 3750 515 3882 cedbnte.
535 3806 573 3856 -et
585 3818 648 3855 cum
663 3803 697 3857 de
711 3803 853 3882 diruenda,
861 3803 931 3883 urbe
941 3803 1025 3859 Vtica
1037 3810 1152 3875 propter
1163 3805 1289 3859 favorem
1299 3803 1422 3883 civitatis

389 3868 1424 4007 tttiffitttttltltttl‘ttttttt{titillathtltttt

390 4004 500 4061 Catoni.
527 4004 577 4061 Cn.
587 4006 738 4077 Pompeius
747 4006 846 4079 Magni
858 4006 934 4062 lilius
947 4007 977 4061 in
985 4006 1125 4076 Hispania
1139 4011 1290 4065 contractis
1304 4010 1420 4077 viribus,

389 4087 507 4140 quarum
529 4075 662 4130 ducatum
683 4092 736 4131 neo
753 4075 889 4129 Afranius
910 4083 963 4131 nec
979 4075 1108 4130 Petreius
1130 4079 1258 4147 excipere
1276 4078 1421 4145 volebant,

389 4138 495 4193 bellum
505 4142 637 4198 adversus
647 4142 797 4200 Caesarem
805 4144 959 4198 renovavit.
980 4143 1143 4199 Pharnaces
1153 4146 1325 4200 Mithridatis
1334 4146 1421 4212 iilius,

389 4224 438 4262 rex
447 4206 544 4277 Ponti,
560 4212 620 4266 sine
633 4212 692 4266 ulla
704 4212 772 4267 belli
785 4212 964 4267 morarietus
972 4216 1024 4266 est.
1052 4228 1115 4267 cum
1125 4214 1275 4269 seditiones
1284 4216 1392 4269 Romae
1403 4233 1423 4269 a

390 4276 423 4331 P.
433 4276 585 4332 Dolabella
597 4280 828 4351 tribunoplebis,
841 4280 936 4351 legem
947 4279 1057 4337 ferente
1069 4281 1106 4338 de
1119 4283 1198 4337 novis
1212 4283 1331 4353 tabulis,
1346 4284 1423 4340 exci-
