3384 4975
410 556 413 564 ’
514 583 631 639 mara
648 579 806 650 mxu,
825 579 923 635 occi.
943 577 1095 650 [acin]
1279 564 1321 631 85

295 764 393 826 quarn
413 763 465 806 res
485 738 669 825 postulabat
691 747 736 812 et,
759 737 875 820 raptim
898 746 983 812 acta,
1007 735 1134 801 turbata
1151 756 1247 801 cursu
1265 734 1321 800 ad-

295 854 406 901 versus
424 834 595 897 instructos
614 841 647 896 et
663 839 868 914 praeparatos
890 842 958 894 erat
981 829 1165 894 adventura.
1211 827 1321 895 consul

296 926 502 992 anteveniens
529 922 689 1007 extemplo
714 921 871 1006 proelium
897 921 1064 986 conseruit.
1116 923 1217 1007 primo
1243 921 1354 989 resi-o

297 1030 381 1084 stere
397 1016 606 1092 Macedones,
624 1015 749 1091 deinde,
767 1025 803 1079 ut
820 1013 909 1081 nulla
920 1037 955 1080 re
972 1037 1066 1100 pares
1081 1025 1180 1093 erant,
1198 1013 1321 1079 amissis

297 1110 447 1177 trecentis
465 1109 640 1194 peditibus,
662 1108 775 1194 viginti
799 1117 949 1192 quattuor
972 1107 1162 1194 primoribus
1179 1107 1323 1191 equitum

297 1228 339 1270 ex
352 1205 412 1281 ala,
430 1224 526 1287 quam
540 1224 662 1267 sacram
671 1213 797 1279 vocant,
814 1204 897 1269 inter
911 1226 991 1288 quos
1000 1202 1213 1271 Antimachus
1227 1203 1324 1268 etiam

296 1297 477 1383 praefectus
503 1298 573 1362 alae
600 1296 730 1373 cecidit,
763 1297 853 1363 abire
878 1307 1042 1363 conantur.
1095 1309 1236 1364 ceterum
1261 1296 1355 1360 itero

295 1413 395 1477 prope
412 1391 482 1477 ipso
499 1388 620 1477 proelio
637 1391 864 1457 tumultuosius
878 1391 950 1456 suit.
973 1392 1112 1478 phalanx
1127 1391 1185 1456 abs
1200 1389 1323 1476 trepido

296 1485 408 1550 nuntio
431 1485 533 1550 accita
555 1505 629 1549 cum
650 1485 765 1571 raptim
789 1484 976 1564 duceretur,
997 1486 1102 1572 primo
1117 1487 1151 1550 in
1168 1483 1323 1571 angustiis

297 1579 495 1663 captivorum
513 1577 633 1664 agmini
655 1578 762 1646 oblata
782 1578 1001 1664 vehiculisque
1022 1579 1183 1646 frumento
1200 1578 1324 1645 onustis

296 1672 408 1737 haesit.
443 1671 557 1758 ingens
574 1671 620 1736 ibi
641 1673 769 1737 vexatio
786 1674 886 1758 partis
903 1673 1070 1760 utriusque
1088 1673 1149 1738 fuit
1165 1672 1254 1738 nullo
1268 1695 1324 1738 ex·
1343 1687 1356 1733 v

296 1775 443 1851 pectante
462 1763 531 1852 [ut]
547 1776 721 1851 utcumque
739 1767 952 1852 explicaretur
969 1791 1101 1854 agmen,
1120 1767 1176 1833 sed
1194 1765 1323 1833 armatis

297 1859 506 1924 deicientibus
530 1856 618 1944 [per]
641 1881 795 1945 praeceps
816 1860 1036 1946 inpedimenta
1051 1896 1096 1909 -·
1112 1880 1216 1944 neque
1239 1859 1324 1926 enim

297 1952 388 2022 aliter
404 1952 458 2016 via
471 1951 588 2036 aperiri
604 1962 729 2036 poterat
740 1987 793 2030 -,
811 1953 971 2030 iumentis,
990 1975 1063 2019 cum
1077 1954 1322 2028 stimularentur,
1391 2016 1397 2023 ,

297 2047 333 2109 in
354 2044 450 2108 turba
472 2043 697 2108 saevientibus.
745 2045 801 2108 vix
823 2045 865 2110 ab
887 2046 1050 2112 incondito
1071 2046 1199 2132 agmine
1225 2044 1358 2130 capti-s

298 2158 414 2202 vorum
431 2136 639 2220 expedierant
656 2157 739 2212 sese,
762 2159 835 2201 curn
857 2139 949 2223 regio
966 2139 1086 2224 agmini
1108 2137 1326 2223 perculsisque

298 2229 459 2314 equitibus
482 2240 662 2294 occurrunt.
705 2229 750 2294 ibi
773 2251 850 2296 vero
873 2231 992 2296 clamor
1012 2230 1190 2296 iubentium
1207 2228 1327 2294 referre

298 2326 391 2410 signa
411 2323 522 2389 ruinae
544 2345 645 2410 prope
666 2323 801 2390 similem
823 2324 1067 2411 trepidationem
1089 2323 1181 2400 fecit,
1207 2334 1242 2390 ut
1266 2318 1325 2408 [si]

298 2418 406 2482 hostes
434 2418 553 2482 intrare
585 2419 748 2504 angustias
780 2419 851 2484 ausi
880 2419 1008 2508 longius
1041 2417 1176 2484 insecuti
1210 2425 1325 2494 essent,

297 2534 418 2596 magna
435 2511 541 2575 clades
563 2512 664 2595 accipi
684 2515 833 2597 potuerit.
871 2515 982 2580 consul
998 2524 1128 2599 recepto
1145 2534 1185 2576 ex
1202 2511 1325 2574 tumulo
1344 2526 1358 2573 o

297 2605 474 2693 praesidio,
501 2615 668 2670 contentus
690 2608 816 2672 modico
838 2629 1004 2684 successu,
1030 2608 1065 2671 in
1091 2615 1196 2670 castra
1218 2603 1327 2688 copias

297 2698 436 2766 reduxit.
472 2708 547 2762 sunt
567 2699 625 2783 qui
647 2720 687 2764 eo
710 2700 762 2766 die
783 2721 902 2787 magno
923 2699 1044 2786 proelio
1064 2707 1244 2784 pugnatum
1271 2717 1329 2761 au-

299 2804 403 2857 ctores
426 2791 504 2856 siut:
531 2804 604 2856 octo
631 2790 761 2879 [milia]
788 2793 926 2858 hostiurn
954 2814 1061 2869 caesa,
1087 2792 1121 2857 in
1148 2790 1197 2855 his
1225 2788 1329 2876 Sopa-

299 2897 386 2949 trum
407 2896 440 2950 et
461 2884 670 2972 Antipatrum
693 2888 799 2973 regios
820 2887 934 2965 duces,
955 2887 1047 2953 vivos
1071 2896 1181 2972 captos
1203 2885 1328 2951 circiter

300 2979 366 3042 duo
377 2979 466 3043 milia
475 2980 684 3065 octingentos,
699 2981 792 3067 signa
803 2981 955 3047 militaria
964 2992 1058 3068 capta
1071 2980 1183 3067 viginti
1195 2990 1327 3066 septem.

299 3093 361 3137 nec
376 3072 574 3139 incruentam
596 3074 763 3140 victoriam
780 3074 894 3142 fuisse:
919 3099 1018 3162 supra
1038 3086 1190 3161 quattuor
1208 3071 1327 3161 [milia]
1348 3089 1378 3137 10

300 3177 333 3230 ct
349 3175 506 3232 trecentos
524 3168 565 3233 de
582 3169 723 3234 exercitu
741 3170 880 3236 consulis
896 3171 1058 3245 cecidisse,
1077 3169 1169 3255 signa
1183 3169 1327 3233 sinistrae

301 3259 372 3326 alae
388 3260 527 3343 quinque
545 3262 671 3326 amissa.

365 3351 511 3422 LXVIL
537 3355 603 3419 Hic
620 3355 687 3420 dies
705 3368 738 3421 et
753 3356 914 3421 Romanis
931 3355 1043 3421 refecit
1060 3354 1182 3419 animos
1200 3363 1232 3417 et
1249 3352 1329 3416 Per·
1349 3370 1360 3413 1

302 3468 358 3509 sea
374 3448 523 3529 perculit,
540 3459 578 3511 ut
594 3449 662 3513 dies
679 3471 800 3533 paucos
818 3450 860 3512 ad
881 3450 1048 3534 Mopsium
1065 3457 1206 3510 moratus
1225 3444 1330 3527 sepul·

302 3553 394 3600 turae
415 3560 565 3603 maxume
586 3540 723 3603 militum
749 3542 938 3604 amissorum
960 3561 1051 3613 cura,
1078 3535 1235 3622 praesidio
1253 3534 1330 3598 satis

302 3628 410 3691 valido
432 3629 473 3692 ad
492 3626 644 3693 Gonnum
666 3632 776 3695 relicto
799 3632 834 3695 in
850 3630 1077 3696 Macedoniam
1100 3628 1255 3712 reciperet
1277 3647 1330 3690 co·

301 3723 383 3809 pias.
427 3722 631 3790 Timotheum
648 3724 809 3807 quendam
826 3748 867 3790 ex
884 3726 969 3811 regis
986 3722 1154 3809 praefectis
1172 3743 1246 3787 cum
1262 3742 1330 3786 mo·
1348 3742 1363 3789 2

303 3818 377 3881 dica
401 3839 500 3881 manu
524 3817 675 3902 relinquit
700 3818 742 3884 ad
766 3818 911 3896 Philam,
942 3818 1068 3882 iussum
1092 3816 1264 3902 Magnetas
1290 3838 1330 3882 ex

303 3910 483 3996 propinquo
504 3921 670 3997 temptare.
714 3936 787 3979 cum
808 3913 936 3979 Pellam
956 3911 1113 3987 venisset,
1136 3909 1276 3977 exercitu
1295 3910 1364 3980 ina

303 4004 438 4070 hiberna
455 4005 587 4071 dimisso
607 4007 677 4093 ipse
698 4029 772 4074 cum
791 4006 896 4094 Cotye
913 4005 1174 4071 Thessalonicam
1192 4016 1240 4070 est
1256 4026 1330 4093 pro·

304 4098 419 4164 fectus.
469 4121 508 4165 eo
537 4100 625 4166 fama
646 4101 790 4168 adfertur
810 4100 978 4167 Autlebim
1000 4099 1148 4185 regulum
1169 4098 1364 4168 Thracumt

308 4191 372 4279 [et]
390 4192 570 4281 Corragum
586 4195 741 4261 Eumenis
764 4196 963 4283 praefectum
984 4194 1019 4260 in
1038 4191 1150 4279 Cotyis
1171 4193 1251 4259 fines
1271 4192 1332 4257 im-

304 4300 416 4374 petum
429 4289 543 4356 fecisse
557 4302 589 4356 et
606 4291 772 4376 regionem
780 4292 951 4358 Marenem
964 4312 1062 4377 quam
1075 4299 1191 4355 vocant
1200 4286 1330 4369 cepisse.
