3384 4975
389 521 456 587 172
597 529 715 587 amna
731 527 888 620 xxxxv,
907 528 950 582 aa.
964 528 1006 582 m.
1026 527 1210 595 [ausast]

392 701 518 759 constat
534 700 697 771 tamquam
707 683 746 752 C.
755 684 913 771 Popillius
929 685 1056 770 legatus
1070 685 1245 760 Romanus,
1265 704 1362 768 quem
1381 685 1425 752 ad

393 783 640 852 summovendos
663 780 789 861 s0bello
807 779 1006 844 Antiochum
1028 787 1061 844 et
1076 777 1302 843 Ptolemaeum
1327 802 1426 865 reges

341 903 374 950 13
392 879 537 955 misistis,
565 877 758 960 loqueretur.
808 875 865 938 sed
887 883 995 938 tamen
1018 895 1057 937 ea
1083 871 1151 936 sive
1174 872 1326 956 superbia
1354 875 1426 941 sive

392 971 526 1038 stultitia
543 968 734 1055 appellanda
752 977 814 1044 est,
841 966 969 1046 eadem,
996 988 1078 1050 quae
1097 977 1175 1051 aput
1192 988 1266 1042 vos,
1294 976 1326 1031 et
1344 979 1425 1053 aput

341 1091 374 1138 14
391 1066 513 1131 Persea
529 1063 599 1127 fuit.
645 1073 711 1126 tam
729 1060 904 1125 civitatium
922 1081 1019 1144 quam
1038 1060 1237 1145 singulorum
1255 1060 1424 1125 hominum

390 1180 495 1224 mores
510 1167 596 1233 sunt3
615 1165 727 1241 gentes
741 1175 869 1237 quoque
883 1154 963 1218 aliae
977 1153 1161 1231 iracundae,
1177 1154 1257 1218 aliae
1272 1154 1423 1232 audaces,

316 1320 321 1332 ,
391 1254 550 1337 quaedam
567 1250 711 1325 timidae,
728 1249 762 1313 in
779 1249 905 1326 vinum,
927 1249 962 1312 in
977 1248 1140 1314 Venerem
1157 1248 1322 1332 proniores
1340 1249 1422 1314 aliae

341 1372 372 1418 15
392 1357 475 1411 sunt.
511 1343 756 1409 Atheniensium
773 1343 928 1428 populum
951 1342 1038 1406 fama
1056 1354 1103 1408 est
1122 1342 1257 1408 celerem
1275 1353 1307 1406 et
1325 1365 1424 1427 supra

391 1442 474 1506 vires
507 1441 662 1504 audacem
694 1460 764 1502 esse
795 1439 837 1502 ad
868 1438 1063 1513 conandum,
1089 1436 1421 1501 Lacedaemoniorum

341 1559 373 1605 16
393 1545 609 1599 cunctatorem
627 1543 658 1597 et
670 1532 725 1596 vix
738 1531 772 1596 in
787 1554 834 1608 ea,
853 1531 969 1615 quibus
987 1532 1068 1608 fidit,
1087 1530 1329 1615 ingredientem.
1357 1552 1422 1594 non

390 1628 573 1712 negaverim
592 1637 625 1691 et
645 1637 745 1691 totam
762 1626 863 1690 Asiae
884 1625 1047 1711 regionem
1073 1625 1218 1689 inaniora
1239 1647 1352 1709 parere
1373 1624 1423 1687 in-

390 1721 486 1806 genia
512 1733 544 1786 et
568 1730 749 1785 nostrorum
779 1719 982 1785 tumidiorem
1013 1741 1191 1784 samonem
1218 1742 1303 1794 esse,
1336 1718 1422 1801 quod

391 1816 546 1881 excellere
568 1815 651 1879 inter
671 1813 821 1878 finitimas
841 1813 984 1879 civitates
1002 1814 1183 1890 videamur,
1211 1828 1242 1878 et
1263 1814 1297 1876 id
1314 1811 1421 1897 ipsum

391 1931 455 1974 non
477 1919 543 1973 tam
565 1908 685 1974 viribus
702 1908 817 1973 nostris
836 1929 934 1992 quam
955 1909 1068 1973 vestris
1091 1908 1265 1973 honoribus
1283 1930 1321 1972 ao
1338 1906 1421 1970 iudi-

341 2028 372 2074 17
391 2006 457 2069 ciis.
502 2004 578 2069 satis
605 2003 736 2088 quidem
762 2013 794 2068 et
820 2017 897 2068 tunc
922 2003 956 2067 in
982 2003 1164 2088 praesentia
1191 2002 1346 2087 castigata
1366 2000 1421 2064 illa

390 2100 509 2186 legatio
528 2111 609 2177 erat,
634 2122 708 2164 cum
726 2110 791 2163 tam
814 2099 896 2164 tristi
913 2120 1067 2183 responso
1085 2109 1190 2164 vestro
1210 2098 1349 2161 dimissa.
1394 2096 1422 2160 si

391 2206 459 2258 tum
484 2217 598 2279 parum
619 2193 813 2279 ignominiae
834 2216 971 2278 pensum
990 2203 1052 2270 est,
1078 2193 1157 2258 haec
1176 2203 1260 2258 certe
1278 2203 1344 2256 tam
1361 2191 1423 2254 mi·

392 2289 534 2354 serabihs
552 2310 590 2352 ac
608 2289 743 2374 supplex
760 2288 878 2373 legatio
897 2288 993 2353 etiam
1010 2272 1233 2365 ihsolentioris‚
1250 2308 1345 2370 quam
1363 2286 1422 2348 illa

340 2399 372 2447 18
390 2382 461 2456 fuit,
479 2381 645 2466 legationis
663 2382 740 2445 satis
757 2404 911 2466 magnum
928 2382 1092 2472 piaculum
1106 2392 1198 2447 esset.
1227 2380 1420 2465 superbiam,

391 2476 561 2541 verborum
578 2475 779 2561 praesertim,
805 2475 949 2542 iracundi
971 2477 1120 2555 oderunt,
1146 2476 1318 2562 prudentes
1343 2473 1421 2539 inri-

392 2571 477 2649 dent,
495 2570 607 2655 utique
620 2571 647 2636 si
664 2570 821 2635 inferioris
835 2572 987 2637 adversus
1002 2573 1195 2657 superiorem
1210 2582 1272 2648 est;
1292 2569 1420 2655 capitali

340 2684 371 2730 19
391 2687 495 2750 poena
520 2687 614 2731 nemo
640 2687 793 2749 umquam
819 2666 952 2752 dignam
981 2666 1144 2731 iudicavit.
1196 2665 1230 2729 id
1257 2664 1418 2730 enimvero

389 2760 567 2843 periculum
586 2770 663 2836 erat,
681 2782 722 2823 ne
731 2759 894 2823 Romanos
911 2759 1029 2824 Rhodii
1049 2771 1295 2825 contemnerent.
1323 2759 1419 2823 etiam

390 2854 468 2918 deos
486 2854 584 2936 aliqui
602 2853 707 2919 verbis
725 2854 932 2919 ferocioribus
949 2856 1125 2941 increpant,
1143 2879 1203 2921 neo
1220 2857 1293 2920 ideo
1309 2877 1421 2939 quem-

287 3021 289 3024 ,
391 2970 488 3030 quam
505 2949 638 3013 fulmine
655 2950 754 3013 ictum
772 2950 929 3014 audimus.

356 3061 370 3106 1
454 3041 610 3105 XXIIII.
640 3041 728 3124 Quid
746 3043 844 3129 igitur
858 3054 997 3129 superat,
1016 3044 1104 3127 quod
1118 3067 1301 3129 purgemus,
1321 3046 1348 3108 si
1360 3067 1421 3109 nec

389 3136 510 3200 factum
533 3135 646 3201 hostile
668 3137 771 3202 ullum
796 3149 940 3203 nostrum
963 3149 1011 3203 est
1036 3136 1099 3225 [et]
1123 3138 1222 3203 verba
1249 3138 1420 3202 tumidiora

389 3230 487 3314 legati
510 3230 683 3297 offensione
706 3232 830 3297 aurium
851 3254 916 3297 non
937 3234 1112 3318 perniciem
1136 3233 1271 3298 civitatis
1294 3256 1420 3298 merue-

356 3326 483 3388 2runt?
517 3324 688 3391 voluntatis
719 3337 845 3391 nostrae
878 3327 993 3393 tacitae
1025 3329 1115 3393 velut
1139 3327 1229 3392 litem
1259 3327 1419 3391 aestimari

389 3419 502 3485 vestris
528 3419 612 3484 inter
641 3443 699 3485 vos
725 3421 924 3487 sermonibus
958 3422 1069 3501 audio,
1100 3433 1206 3508 patres
1234 3421 1420 3504 conscripti:

388 3514 505 3580 favisse
522 3537 581 3579 nos
599 3515 668 3600 regi
685 3514 824 3579 stillum
838 3516 965 3582 vincere
981 3517 1141 3606 maluisse,
1158 3516 1230 3580 ideo
1244 3516 1328 3579 bello
1347 3535 1422 3599 per·

355 3627 370 3673 3
390 3609 567 3693 sequendos
586 3631 656 3674 esse
673 3609 810 3674 credunt
827 3611 881 3675 alii
887 3635 897 3688 3
925 3609 1010 3697 [alii]
1029 3617 1170 3678 vestrum
1192 3611 1330 3675 voluisse
1349 3609 1423 3694 qui-

389 3702 462 3765 dem
479 3724 538 3768 nos
556 3702 633 3779 hoc,
656 3724 720 3767 non
738 3713 845 3768 tamen
866 3705 907 3768 ob
924 3705 958 3768 id
976 3706 1060 3770 bello
1078 3704 1315 3789 persequendos
1334 3726 1421 3768 esse:

387 3817 491 3880 neque
509 3796 651 3861 moribus
668 3818 772 3881 neque
793 3798 920 3883 legibus
937 3800 1033 3864 ullius
1051 3799 1187 3864 civitatis
1205 3800 1250 3864 ita
1266 3821 1420 3883 conpara-

388 3900 457 3953 tum
474 3913 555 3968 esse,
573 3901 610 3956 ut
627 3889 655 3955 si
672 3892 728 3975 qui
745 3892 822 3958 velit
839 3893 1005 3959 inimicum
1021 3894 1136 3978 perire,
1155 3895 1182 3958 si
1199 3894 1279 3958 nihil
1297 3893 1419 3969 fecerit,

353 3998 371 4045 4
389 4002 452 4062 quo
470 3983 504 4045 id
520 3985 591 4062 fiat,
614 3984 726 4071 capitis
745 3985 922 4054 damnetur.
966 3987 1031 4062 his,
1058 3988 1114 4070 qui
1131 4010 1189 4053 nos
1207 4011 1327 4074 poena,
1353 4009 1419 4051 non

389 4073 520 4140 crimine
545 4078 695 4158 liberant,
726 4081 863 4166 gratiam
885 4081 1015 4166 quidem
1040 4080 1210 4159 habemus,
1237 4082 1300 4167 ipsi
1326 4081 1422 4145 nobis

388 4166 472 4231 hano
489 4166 623 4238 dicimus
640 4174 760 4261 legemr
786 4175 814 4241 si
831 4198 941 4244 omncs
958 4174 1117 4241 voluimus
1137 4176 1224 4261 quod
1243 4176 1419 4261 arguimur,

389 4267 454 4328 noh
472 4261 695 4349 distinguimus
719 4270 953 4337 voluntatema
975 4268 1077 4349 facte,
1095 4293 1205 4337 omnes
1224 4272 1420 4356 plectamur;
