3384 4975
434 523 654 583 rsuioouiu
671 521 873 594 sinuosum
890 522 1025 581 xcviu.
1041 519 1194 581 xuvuu
1259 509 1322 581 199

296 663 573 734 sententiasplaouit.
601 662 707 717 Catone
717 667 746 716 et
755 661 816 716 aliis
825 661 998 732 principibus
1008 667 1121 717 senatus
1130 661 1322 734 suadentibus,

296 746 329 795 ut
337 739 367 792 in
374 733 501 789 Africam
510 732 657 786 confestim
666 736 902 852 respondetur
912 731 1056 798 exercitus,
1071 733 1202 801 quoniam
1210 730 1244 786 P.
1255 731 1322 788 Cor·

296 806 387 863 nelius
409 800 515 858 Nasica
537 799 650 854 dicebat
672 816 728 853 non
748 816 794 852 um
816 799 871 854 sibi
887 798 990 854 iustam
1008 816 1120 853 causam
1137 798 1206 856 belli
1223 800 1321 869 videri,

295 874 412 948 placuit,
422 875 454 924 ut
462 869 537 924 bello
548 867 728 936 abstinerent,
738 867 761 921 si
770 867 1018 939 Carthaginienses
1027 868 1144 922 classem
1153 867 1322 923 exussissent

295 939 485 999 etexercitum
495 936 708 991 dimisissentisi
716 935 816 1005 minus,
825 936 945 1007 proximi
952 936 1079 992 consules
1089 936 1123 990 de
1132 936 1207 992 bello
1213 936 1321 992 Punico

295 1011 440 1067 referrent
459 1023 521 1060 cum
530 1005 652 1059 locatum
662 1021 679 1058 a
688 1004 849 1059 censoribus
857 1006 997 1060 theatrum
1006 1010 1199 1073 exstrueretur,
1210 1004 1244 1058 P.
1254 1003 1320 1059 Cor·

296 1074 483 1134 nelioNasioa
492 1078 605 1128 auctore
614 1077 757 1142 tamquam
765 1073 863 1127 inutile
873 1079 902 1128 et
910 1072 1066 1127 nociturum
1093 1071 1321 1128 ublicismoribus

297 1166 333 1203 ex
346 1149 459 1200 senatus
472 1141 599 1197 consulto
614 1141 783 1195 destructum
802 1146 845 1196 est
862 1158 898 1211 po
919 1142 1036 1211 ulusque
1055 1090 1227 1212 aliquamdiu
1245 1147 1321 1195 stans

297 1216 379 1269 ludos
388 1210 532 1291 spectavit.
551 1160 1321 1280 amhagimensescnmadversusfoedusbemmllssi-

297 1283 390 1337 nissae
404 1278 575 1345 intulissent,
589 1276 656 1331 victi
666 1278 702 1331 ab
712 1292 745 1332 eo
755 1294 842 1331 annos
851 1277 973 1332 habente
982 1278 1137 1350 nonaginta
1146 1277 1215 1331 duos
1225 1283 1254 1331 et
1262 1278 1322 1332 sine

317 1348 458 1420 ulpamine
471 1345 603 1400 mandere
617 1346 658 1415 (et
671 1345 694 1397 si
711 1347 850 1418 gustaret)
861 1362 965 1416 panem
978 1350 1087 1400 tantuin
1100 1346 1195 1414 solito,
1209 1345 1323 1416 insuper

325 1433 454 1472 omanum
462 1414 569 1471 bellum
578 1419 746 1468 meruerunt.
1169 1431 1174 1451 ⁹

698 1493 738 1533 ax
745 1492 801 1534 um.
811 1493 920 1534 xnvrui.

350 1552 439 1608 Tertii
451 1550 553 1606 Punici
565 1550 634 1606 belli
646 1549 755 1604 initium
768 1550 857 1605 altero
871 1556 900 1606 et
912 1549 1107 1607 sescentesimo
1123 1552 1159 1606 ab
1173 1552 1242 1607 urbe
1256 1570 1321 1609 con-

296 1623 359 1677 dita
373 1637 446 1675 anno
473 1620 548 1674 intra
560 1619 687 1689 quintum
700 1635 803 1673 annum
812 1636 896 1699 quam
905 1625 966 1673 erat
974 1626 1103 1689 coeptum
1130 1624 1332 1688 consummati„
1399 1636 1402 1640 “

297 1692 371 1745 inter
387 1688 425 1743 M.
439 1660 569 1767 dorcium
583 1685 718 1767 Catonem
736 1692 765 1741 ot
778 1685 823 1742 Sci
844 1689 937 1743 ionem
950 1686 1094 1757 Nasicam,
1115 1704 1231 1759 quorum
1250 1690 1322 1746 alter

295 1757 516 1829 sapientissimus
529 1773 572 1809 vir
583 1773 613 1809 in
626 1760 739 1811 civitate
752 1704 923 1825 habebatur,
938 1756 1010 1811 alter
1022 1756 1142 1827 optimus
1154 1758 1196 1811 vir
1210 1758 1322 1814 etiams

297 1831 396 1882 senatu
417 1824 557 1879 iudicatus
579 1828 652 1890 erat,
681 1823 796 1879 diversis
818 1830 956 1879 certatum
978 1824 1124 1879 sententiis
1147 1832 1191 1881 est
1213 1825 1321 1884 Catone

295 1895 433 1949 suadente
450 1893 555 1947 bellum
573 1897 603 1947 et
619 1897 651 1945 ut
666 1892 812 1947 tolleretur
829 1892 1023 1962 delereturque
1042 1892 1197 1966 Carthago,
1217 1896 1322 1953 Nasica

295 1962 486 2017 dissuadente.
512 1960 620 2030 placuit
636 1965 731 2015 tamen
763 1961 838 2031 quod
852 1966 949 2016 contra
962 1960 1061 2016 loedus
1075 1980 1160 2017 naves
1174 1964 1320 2034 haberent,

297 2032 373 2101 quod
387 2029 537 2085 exercitum
550 2034 629 2084 extra
640 2026 711 2083 fines
724 2000 876 2097 duxissent,
909 2029 966 2083 uod
975 2029 1049 2084 socio
1058 2047 1094 2100 po
1116 2030 1155 2084 uli
1164 2031 1284 2087 Romani
1293 2041 1322 2089 et

298 2099 387 2153 amico
397 2098 562 2152 Masinissae
571 2113 649 2177 arma
657 2096 830 2177 intulissent,
843 2046 917 2167 quo‘d
926 2095 1014 2150 filium
1024 2097 1084 2177 eius
1095 2048 1258 2170 Culussam,
1273 2102 1322 2182 qui

294 2185 361 2221 cum
373 2165 475 2237 legatis
487 2166 620 2219 Romanis
634 2170 708 2234 erat,
722 2182 752 2218 in
765 2166 898 2245 oppidum
907 2182 964 2219 non
972 2172 1157 2235 recepissent,
1172 2168 1278 2222 bellum
1287 2170 1321 2223 iis

297 2234 393 2290 indici.
419 2234 495 2304 prius
509 2249 593 2303 quam
606 2233 681 2288 ullae
695 2233 794 2304 copiae
807 2251 837 2287 in
851 2249 935 2288 naves
944 2234 974 2287 in
995 2240 1157 2303 onerentur,
1172 2234 1321 2292 Uticenses

296 2302 507 2374 legatiRomam
516 2307 661 2371 venerunt,
671 2319 701 2356 se
711 2317 816 2371 suaque
826 2302 918 2357 omnia
927 2302 962 2357 de
984 2306 1070 2357 entes.
1088 2319 1123 2357 ea
1131 2302 1236 2384 legatio
1245 2305 1323 2359 velut

296 2387 381 2425 omen
389 2375 471 2441 grata
479 2369 615 2440 patribus,
627 2369 729 2425 acerba
738 2370 842 2425 Cartha
863 2369 1016 2425 inieusibus
1024 2369 1086 2424 fuit.
1110 2371 1169 2426 ludi
1178 2372 1252 2442 patri
1260 2372 1322 2427 Diti

296 2440 336 2494 ad
341 2439 496 2494 Tarentum
506 2455 539 2494 ex
547 2443 697 2509 praecepto
705 2437 838 2494 librorum
843 2389 925 2509 iacti,
936 2439 983 2510 qui
993 2443 1085 2508 [ante]
1097 2441 1322 2498 annumcentesi-

295 2507 613 2630 attrectabat
626 2507 1322 2634 linalllssaizlltillllhimultat

296 2616 543 2714 Carthaginienses
561 2593 710 2697 dedebaiit.
738 2594 852 2698 Caffilonnis
870 2643 1010 2698 sententia
1022 2643 1102 2712 vicit,
1120 2596 1195 2698 iitpin
1208 2595 1321 2700 decreto

296 2717 469 2782 perstaretur
487 2718 516 2766 et
528 2716 561 2765 ut
573 2711 701 2765 consules
715 2727 799 2781 quam
811 2711 931 2780 primum
945 2711 982 2766 ad
994 2710 1100 2766 bellum
1113 2711 1320 2792 proficisceren-

295 2787 352 2833 tur.
379 2780 426 2849 qui
443 2779 492 2833 ubi
510 2780 540 2833 in
553 2778 679 2834 Africam
695 2778 879 2848 transierunt,
899 2779 1021 2849 acceptis
1036 2795 1104 2860 quos
1117 2785 1322 2850 imperaverant

296 2848 429 2903 trecentis
443 2847 586 2902 obsidibus
599 2852 629 2903 et
641 2848 724 2902 armis
739 2848 867 2902 omnibus
880 2847 1125 2918 instrumentisque
1134 2848 1215 2916 belli,
1231 2849 1320 2919 siqua

296 2916 469 2987 Carthagine
483 2921 576 2985 erant,
591 2933 653 2971 cum
663 2933 696 2971 ex
705 2915 873 2972 auctoritate
881 2922 993 2986 patrum
1001 2915 1145 2985 iuberent,
1156 2917 1226 2971 utin
1236 2917 1320 2973 alium

296 2985 402 3053 locum,
417 2985 483 3037 dum
493 3001 510 3039 a
519 2983 588 3039 mari
602 2985 699 3040 decem
707 2985 786 3039 milia
814 3002 926 3039 assuum
934 3003 970 3040 ne
978 2985 1070 3039 minus
1078 2992 1227 3054 remotum,
1241 2985 1320 3057 oppi-

296 3053 364 3106 dum
377 3050 514 3119 facerent,
528 3051 696 3125 indignitate
708 3054 750 3109 rei
764 3071 782 3108 a
813 3053 976 3108 bellandum
989 3053 1234 3126 Carthaginienses
1247 3070 1321 3109 com·

296 3120 451 3240 &ulerunt-3
463 3119 583 3175 obsideri
596 3121 808 3192 obpugnarique
821 3128 922 3192 coepta
931 3127 974 3178 est
982 3120 1124 3194 Carthago
1135 3122 1194 3177 aL.
1204 3121 1319 3190 Marcio,

329 3188 647 3243 '.Manihoconsulibus.
669 3193 699 3243 in
709 3206 765 3260 qua
774 3190 983 3261 obpugnatione
993 3208 1056 3245 cum
1065 3192 1209 3263 neglectos
1219 3191 1255 3246 ab
1263 3206 1321 3245 uua

296 3262 378 3326 parte
391 3272 483 3309 muros
497 3256 551 3310 duo
565 3256 672 3310 tribuni
684 3263 788 3312 temere
803 3275 866 3312 cum
879 3259 1039 3312 cohortibus
1048 3259 1104 3312 suis
1114 3259 1283 3329 inrupissent
1292 3264 1321 3313 et

299 3324 336 3378 ab
350 3324 498 3394 oppidanis
511 3325 634 3395 graviter
646 3326 841 3393 caederentur,
857 3323 1014 3395 aScipione
1023 3329 1042 3395 †
1052 3325 1188 3380 Orfitiano
1198 3325 1321 3396 expliciti

295 3397 371 3458 sunt,
385 3409 436 3461 per
445 3408 526 3460 quem
536 3391 718 3446 etcastellum
725 3392 922 3460 Romanorum,
936 3393 1012 3461 quod
1019 3399 1102 3448 'noete
1111 3394 1319 3464 expugnabant,

319 3459 395 3512 aucis
417 3458 556 3527 equitibus
573 3458 732 3512 iuvantibus
750 3458 899 3512 liberatum
917 3465 968 3512 est.
1003 3465 1222 3529 castrorumque,
1247 3477 1320 3529 quae

296 3478 404 3581 Cartha
426 3525 545 3579 'nienses
564 3525 690 3578 omnibus
704 3525 791 3594 copiis
804 3525 841 3578 ab
854 3526 923 3579 urbe
936 3526 1042 3604 pariter
1055 3527 1161 3596 egressi
1174 3527 1320 3596 obpugna-

297 3596 381 3670 baut,
392 3544 574 3670 lffieratorum
583 3593 607 3671 is
616 3592 676 3661 ipse
686 3592 866 3672 praecipuam
876 3592 993 3662 gloriam
1002 3593 1074 3647 tulit.
1101 3599 1248 3662 praeterea
1257 3609 1320 3647 cum

299 3659 337 3714 ab
347 3665 431 3711 inrita
439 3658 649 3729 obpugnatione
659 3658 836 3730 Carthaginis
846 3659 1066 3715 consul—alter
1075 3660 1147 3714 enim
1156 3660 1274 3714 Romam
1283 3661 1320 3714 ad

295 3726 412 3782 comitia
420 3725 534 3779 ierat-
544 3727 693 3780 exercitum
702 3727 817 3782 duceret
825 3727 957 3781 adversus
966 3727 1186 3796 Hasdrubalem,
1201 3727 1320 3798 quicum

295 3796 393 3865 ampla
402 3811 487 3848 manu
496 3794 597 3848 saltum
606 3793 709 3849 inicum
717 3795 873 3863 insederat,
888 3794 975 3849 suasit
983 3796 1072 3867 primo
1081 3797 1200 3866 consuli,
1216 3812 1252 3850 ne
1261 3801 1320 3850 tam

295 3864 372 3918 inico
386 3864 447 3917 loco
462 3862 636 3934 confligeret,
650 3863 739 3918 victus
748 3861 849 3918 deinde
859 3863 1046 3934 conplurium,
1061 3865 1108 3935 qui
1118 3870 1147 3919 et
1155 3864 1320 3934 prudentiae

295 3933 358 3987 sius
372 3938 401 3987 et
412 3930 507 3986 virtuti
524 3931 698 3999 invidebant,
718 3931 862 3987 sententiis
881 3932 983 4002 etipse
997 3932 1099 3987 saltum
1112 3933 1252 4004 ingressus
1267 3937 1319 3988 est.

296 4018 374 4070 cum,
388 4000 461 4054 sicut
472 3999 661 4069 praedixerat,
675 4000 755 4054 fusus
767 3999 938 4071 fugatusque
953 4008 1026 4057 esset
1033 4000 1175 4055 Romanus
1184 4000 1320 4056 exercitus

295 4075 327 4124 et
336 4069 408 4124 duae
417 4068 545 4123 cohortes
554 4068 591 4122 ab
600 4068 679 4124 hoste
689 4068 894 4136 obsiderentur,
909 4086 972 4123 cum
985 4069 1082 4140 paucis
1092 4068 1214 4139 equitum
1223 4071 1319 4123 turmis

298 4136 328 4189 in
341 4137 441 4191 saltum
455 4154 581 4191 reversus
595 4136 724 4192 liberavit
737 4155 786 4193 eas
800 4142 828 4191 et
836 4136 990 4192 incolumes
999 4137 1116 4192 reduxit.
1143 4154 1226 4208 quam
1234 4136 1318 4193 virtu-

298 4209 355 4258 tem
362 4205 421 4260 eius
431 4204 542 4274 ethto,
552 4206 594 4258 vir
601 4205 778 4286 promptioris
788 4205 824 4260 ad
833 4204 1046 4275 vituperandum
1054 4205 1211 4275 linguae,in
1221 4211 1320 4265 senata

297 4271 340 4326 sic
355 4278 518 4343 prosecutus
537 4279 592 4344 est,
612 4279 643 4328 ut
661 4275 766 4330 diceret
782 4273 918 4344 reliquos,
937 4274 985 4345 qui
1002 4275 1031 4330 in
1043 4273 1141 4332 Africa
1157 4274 1317 4345 militarent,
