3384 4975
529 565 648 622 LIBER
665 565 806 636 ΧΧΧΧΙ,
824 565 923 620 raes.
944 566 1097 638 [acuis]
1284 554 1327 620 23

296 723 340 789 ad
357 734 479 789 certum
496 724 677 808 redigatur,
702 744 844 788 vanusne
867 723 920 787 hio
937 723 1032 788 timor
1048 735 1154 790 noster
1172 749 1213 791 an
1230 747 1326 791 verus

287 818 403 891 ¹fuerit.
447 818 475 880 si
500 840 565 901 pax
591 816 743 879 inviolata
769 815 852 879 inter
877 814 1074 882 Macedonas
1100 819 1325 903 Romanosque
1345 839 1375 886 18

296 911 449 985 manebit,
466 910 560 972 nobis
578 929 706 990 quoque
724 907 864 972 amicitia
882 918 913 972 et
927 911 1150 975 commercium
1169 911 1222 989 sit3
1240 934 1325 978 nuno

298 1005 339 1068 de
362 1024 401 1069 eo
424 1000 607 1086 [consilium
630 997 759 1086 capere]
782 999 999 1085 periculosum
1017 1012 1047 1067 et
1070 1002 1262 1069 inmaturum
1278 1007 1325 1070 vi·

299 1093 412 1159 detur.'

363 1186 518 1251 XXIHI.
545 1186 625 1250 Post
638 1185 855 1262 hunoArobo,
874 1187 974 1251 frater
982 1186 1148 1253 Xenarchi
1161 1190 1324 1275 praetoris,
1345 1209 1358 1255 1

299 1283 344 1346 ita
361 1280 518 1345 disseruit
554 1279 732 1344 ‘difficilem
750 1280 927 1345 orationem
947 1279 1133 1347 Callicrates
1151 1293 1184 1347 et
1201 1282 1279 1346 mihi
1296 1293 1328 1348 et

298 1374 460 1452 omnibus,
482 1373 537 1457 qui
554 1372 596 1438 ab
614 1395 652 1439 eo
671 1373 887 1452 dissentimus,
905 1373 996 1452 fecit;
1015 1375 1140 1460 agendo
1158 1375 1243 1441 enim
1260 1375 1327 1440 Ro·
1345 1397 1360 1442 2

297 1489 411 1534 manae
429 1467 588 1533 societatis
611 1478 741 1534 causam
758 1467 841 1554 ipse,
864 1468 1076 1555 temptarique
1094 1480 1126 1534 et
1147 1469 1326 1556 oppugnari

298 1562 433 1629 dicendo
446 1583 543 1646 quam
555 1583 649 1627 nemo
662 1583 767 1645 neque
785 1572 921 1648 temptat
937 1584 1042 1646 neque
1056 1575 1230 1649 oppugnat,
1248 1563 1326 1628 effe·

298 1656 356 1732 oit,
382 1655 496 1739 utqui
517 1655 559 1719 ab
582 1678 616 1720 se
639 1655 832 1733 dissentiret,
861 1657 1014 1722 adversus
1036 1656 1197 1722 Romanos
1221 1657 1326 1723 dicere

298 1750 466 1815 videretur.
502 1771 541 1813 ao
557 1750 696 1835 primum
715 1748 868 1825 omnium,
887 1760 1050 1833 tamquam
1066 1772 1131 1815 non
1149 1751 1201 1816 hic
1218 1750 1326 1815 nobis·
1344 1771 1358 1816 3

299 1866 374 1908 oum
390 1843 518 1920 fuisset,
536 1843 593 1908 sed
611 1853 666 1908 aut
684 1843 832 1908 exauria
849 1844 959 1930 populi
976 1844 1112 1908 Romani
1130 1844 1252 1910 veniret
1270 1856 1326 1909 aut

297 1961 412 2024 regum
421 1937 544 2002 arcanis
557 1938 733 2013 interesset,
744 1936 852 2002 omnia
861 1938 918 2002 seit
929 1947 960 2002 et
975 1939 1101 2002 nuntiat
1110 1959 1192 2021 quae
1201 1939 1325 2004 occulte

297 2032 383 2096 facta
401 2040 485 2093 sunt
530 2029 652 2093 divinat
669 2029 766 2094 etiam
783 2050 869 2113 quae
880 2029 996 2095 lutura
1012 2030 1140 2109 fuerint,
1158 2031 1185 2095 si
1201 2031 1325 2118 Philip·
1343 2053 1360 2097 4

299 2147 362 2208 pus
375 2122 516 2198 vixisset,
534 2122 612 2205 quid
629 2122 675 2185 ita
682 2122 822 2187 Perseus
835 2123 928 2206 regni
945 2121 1036 2186 heres
1050 2124 1100 2200 sit,
1119 2124 1197 2207 quid
1213 2134 1326 2208 parent

297 2217 507 2292 Macedones,
530 2214 608 2298 quid
625 2214 765 2300 cogitent
781 2216 929 2280 Romani.
974 2236 1032 2280 nos
1050 2231 1171 2291 autem,
1194 2217 1249 2299 qui
1266 2238 1326 2281 nec
1344 2219 1375 2266 ⁵·

297 2310 339 2375 ob
353 2331 451 2393 quam
465 2331 595 2374 causam
611 2330 672 2373 nec
687 2330 784 2392 quem
797 2309 839 2374 ad
857 2309 988 2374 modum
1004 2309 1133 2395 perierit
1141 2308 1325 2375 Demetrius

298 2402 415 2468 scimus
437 2424 497 2468 nec
518 2402 597 2487 quid
619 2402 804 2490 Philippus,
832 2402 861 2468 si
882 2401 1028 2480 vixisset,
1055 2401 1197 2468 facturus
1220 2403 1324 2480 fuerit,

298 2497 436 2561 adhaec
454 2518 538 2580 quae
558 2498 665 2581 palam
688 2509 843 2582 geruntur
866 2497 996 2562 consilia
1017 2507 1126 2562 nostra
1148 2519 1325 2563 accommo-

297 2592 375 2655 dare
394 2599 527 2674 oportet.
572 2612 610 2653 ac
632 2589 750 2654 scimus
768 2591 889 2656 Persea
911 2613 1011 2675 regno
1030 2602 1161 2676 accepto
1179 2612 1289 2675 regem
1306 2613 1326 2654 a
1344 2612 1358 2657 s
1466 2637 1470 2652 .,

298 2683 417 2770 populo
439 2683 585 2747 Romano
608 2683 817 2767 appellatum3
844 2683 991 2747 audimus
1017 2684 1139 2768 legatos
1163 2684 1325 2747 Romanos

297 2779 423 2843 venisse
441 2777 484 2841 ad
504 2798 614 2862 regem
633 2787 664 2841 et
687 2798 741 2841 eos
764 2776 902 2862 benigne
920 2787 1079 2861 exceptos.
1123 2776 1327 2841 haecomnia
1345 2798 1358 2843 t

298 2874 386 2958 pacis
406 2870 556 2955 equidem
573 2871 666 2957 signa
683 2893 753 2936 esse
771 2870 887 2949 iudico,
905 2892 970 2935 non
987 2870 1072 2948 belli,
1089 2892 1150 2935 nec
1163 2871 1325 2936 Romanos

299 2966 419 3032 offendi
442 2989 550 3053 posse,
577 2966 604 3030 si
631 2975 667 3030 ut
687 2966 808 3031 bellum
831 2977 980 3053 gerentes
1003 2989 1057 3031 eos
1081 2966 1181 3032 secuti
1204 2989 1324 3043 sumus,

299 3084 385 3125 nunc
402 3082 529 3144 quoque
551 3060 639 3146 pacis
658 3072 803 3126 auctores
822 3082 1002 3145 sequamur.
1048 3082 1105 3125 cur
1121 3061 1250 3145 quidem
1267 3082 1326 3125 nos

298 3154 490 3239 inexpiabile
508 3154 649 3218 omnium
668 3155 727 3218 soli
750 3155 870 3220 bellum
888 3155 1040 3219 adversus
1063 3177 1198 3240 regnum
1214 3154 1326 3220 Mace·

299 3250 420 3313 donum
433 3271 592 3334 geramus,
609 3271 675 3313 non
688 3248 792 3313 video.
823 3248 994 3335 opportuni
1007 3250 1243 3334 propinquitate
1256 3248 1325 3333 ipsa
1343 3270 1358 3318 8

300 3342 511 3407 Macedoniae
534 3343 662 3407 sumus?
689 3366 731 3406 an
757 3341 963 3407 infirmissimi
984 3342 1126 3406 omnium
1152 3353 1325 3425 tamquam,

300 3457 381 3520 quos
398 3458 501 3520 nuper
514 3436 651 3521 subegit,
664 3435 828 3520 Dolopes?
849 3436 948 3500 immo
963 3446 1072 3500 contra
1090 3436 1192 3499 cavel
1206 3434 1325 3498 viribus

301 3529 432 3604 nostris,
462 3528 558 3591 deum
583 3527 795 3611 benignitate,
821 3528 874 3593 vel
898 3527 1038 3612 regionis
1063 3527 1230 3592 intervallo
1256 3524 1326 3587 tuti.

302 3621 360 3686 sed
386 3620 484 3683 simus
510 3641 611 3702 aeque
638 3620 772 3683 subiecti
793 3641 832 3685 ao
855 3620 1002 3684 Thessali
1018 3620 1203 3703 Aetolique3
1229 3618 1359 3688 nihilos

302 3715 376 3801 plus
402 3712 478 3777 fidei
503 3712 761 3795 auctoritatisque
791 3713 947 3778 habemus
976 3713 1126 3777 adversus
1152 3713 1325 3791 Romanos,

301 3808 360 3894 qui
381 3828 507 3892 semper
528 3803 607 3869 socii
628 3815 724 3889 atque
742 3806 835 3871 amici
858 3806 992 3884 fuimus,
1015 3828 1111 3890 quam
1127 3806 1250 3886 Aetoli,
1273 3808 1328 3891 qui

301 3903 399 3990 paulo
418 3911 491 3965 ante
508 3900 616 3965 hostes
633 3899 781 3965 fuerunt?
803 3901 1034 3985 quodAetolis,
1053 3901 1139 3985 quod
1154 3900 1325 3990 Thessalis,
1346 3926 1378 3973 ro

302 3996 391 4081 quod
402 3995 554 4081 Epirotis,
573 3995 661 4060 omni
679 3995 815 4080 denique
831 3993 988 4063 Graeciae
1006 4018 1079 4062 cum
1093 3996 1325 4064 Macedonibus

303 4092 380 4157 iuris
404 4101 466 4166 est,
492 4090 579 4156 idem
597 4100 629 4156 et
651 4090 743 4156 nobis
766 4092 816 4157 eit.
861 4113 918 4157 our
935 4091 1136 4158 exsecrabilis
1156 4092 1218 4157 ista
1234 4093 1325 4158 nobis

303 4188 380 4253 solis
405 4186 494 4252 velut
518 4185 690 4272 dissaeptio
715 4186 793 4252 iuris
820 4187 953 4253 humani
974 4187 1041 4253 est?
1070 4187 1181 4254 fecerit
1206 4187 1326 4271 aliquid
1346 4208 1376 4253 11

302 4282 486 4369 Philippus,
514 4303 572 4347 our
588 4283 832 4348 adversus-eum
851 4294 1006 4348 armatum
1024 4292 1055 4348 et
1077 4283 1196 4349 bellum
1212 4304 1325 4367 geren-
