3384 4975
379 535 421 600 52
583 547 701 602 LIBER
717 546 876 616 XXXXH,
894 547 936 601 30.
950 547 992 601 31.
1013 549 1087 614 [au.
1098 546 1195 615 ecta]

347 726 361 771 2
379 723 501 787 nosque
518 702 683 780 inclinata3
700 703 880 787 principum
895 701 1020 766 diversa
1034 722 1176 766 cerneres
1190 702 1303 767 studia.
1331 726 1405 788 pars

379 800 425 862 ita
445 796 479 861 in
500 796 662 862 Romanos
689 795 783 860 effusi
804 807 908 872 erant,
935 805 972 857 ut
1000 796 1219 859 auctoritatem
1244 797 1405 863 inmodico

347 911 362 956 3
380 891 490 957 favore
507 900 758 974 corrumperent,
780 889 876 975 pauci
894 892 978 954 exis
994 889 1115 953 iustitia
1136 889 1251 974 imperi
1267 891 1406 957 Romani

380 985 475 1068 capti,
492 985 607 1069 plures·
617 983 671 1059 ita,
690 984 718 1046 si
733 983 939 1068 praecipuam
953 1003 1082 1068 operam
1095 995 1275 1060 navassenb
1294 996 1407 1069 poten·

347 1098 364 1143 4
383 1090 429 1143 tes
447 1099 516 1142 sese
528 1077 562 1140 in
576 1076 757 1141 civitatibus
772 1077 838 1141 suis
855 1077 979 1141 futuros
993 1077 1063 1140 rati.
1090 1099 1163 1161 pars
1182 1079 1281 1142 altera
1298 1079 1406 1163 regiae

381 1170 571 1234 adulationis
593 1179 676 1246 erat,
703 1190 784 1252 quos
807 1191 861 1234 aes
883 1169 1023 1233 alienum
1046 1180 1077 1233 et
1101 1169 1277 1254 desperatio
1298 1193 1406 1234 rerum

383 1286 513 1328 suarum
540 1263 653 1328 ecdem
683 1273 832 1328 manente
860 1273 945 1326 statu
972 1262 1160 1347 praecipites
1188 1264 1230 1327 ad
1258 1264 1407 1328 novanda

382 1357 489 1421 omnia
511 1355 642 1440 agebat3
666 1356 822 1438 quosdam
843 1366 1011 1421 ventosum
1026 1356 1205 1440 ingenium,
1233 1357 1309 1439 quia
1324 1357 1406 1421 Per-

348 1472 363 1518 5
382 1472 455 1514 seus
472 1450 575 1534 magis
592 1471 689 1514 aurae
706 1449 853 1534 populari
870 1448 1036 1514 serviebat.
1064 1450 1156 1513 tert-ia
1172 1472 1255 1534 pars,
1275 1461 1407 1535 optuma

383 1544 545 1609 eademst
566 1544 829 1628 prudentissima,
857 1545 883 1609 si
900 1543 1010 1626 utique
1029 1544 1115 1628 optio
1138 1543 1257 1608 domini
1274 1546 1406 1631 potioris

349 1658 363 1704 6
383 1638 525 1714 daretur,
548 1638 608 1702 sub
626 1637 779 1703 Romanis
802 1634 906 1720 quam‘
922 1637 981 1701 sub
1009 1658 1085 1722 rege
1107 1638 1246 1703 malebat
1269 1661 1352 1718 esse3
1380 1640 1408 1703 si

382 1731 517 1796 liberum
538 1731 573 1794 in
590 1754 629 1796 ca
645 1753 680 1796 re
703 1730 869 1795 arbitrium
885 1729 1033 1795 fortunae
1051 1741 1147 1807 esset,
1170 1742 1315 1796 neutram
1333 1755 1406 1818 par·

382 1834 448 1888 tem
469 1823 620 1889 volebant
639 1824 850 1910 potentiorem
873 1824 972 1888 altera
989 1844 1140 1909 oppressa
1156 1825 1238 1901 fieri,
1262 1824 1320 1890 sed
1335 1825 1407 1888 inli-

382 1917 465 1982 batis
486 1917 592 2002 potius
615 1917 736 1982 viribus
753 1917 918 2000 utriusque
935 1918 1034 2001 partis
1057 1940 1170 2003 paoem
1187 1940 1227 1982 ex
1245 1939 1320 1983 aeoc
1337 1941 1407 1981 ma-

384 2033 473 2075 nere:
496 2012 541 2075 ita
558 2011 640 2076 inter
656 2022 807 2094 utrosque
825 2010 980 2096 optimam
998 2013 1215 2076 condicionem
1233 2011 1407 2075 civitatium

384 2105 453 2168 fore
469 2115 657 2189 protegente
675 2106 774 2170 altero
789 2127 915 2189 semper
931 2105 1059 2190 inopem
1077 2105 1118 2169 ab
1137 2106 1265 2171 alterius
1282 2105 1407 2170 iniuria⁴

352 2222 364 2267 7
383 2198 463 2264 haec
481 2199 643 2263 sentientis
657 2197 830 2262 certamina
847 2199 1008 2263 fautorum
1023 2199 1189 2282 utriusque
1206 2199 1303 2283 partis
1321 2199 1408 2263 taciti

384 2314 425 2356 ex
442 2302 510 2354 tuto
529 2293 725 2375 spectabant.

350 2405 366 2453 8
449 2380 606 2447 Consules
629 2405 693 2467 quo
716 2384 767 2447 die
790 2383 1011 2466 magistratum
1036 2384 1187 2461 inierunt,
1214 2407 1255 2448 ex
1279 2394 1407 2450 senatus

384 2476 528 2541 consulto
550 2497 624 2540 cum
638 2477 729 2563 *cuca
746 2477 853 2541 omnia
875 2476 965 2555 fana,
990 2478 1024 2542 in
1047 2478 1163 2561 quibus
1180 2478 1408 2549 lectisternium

384 2571 536 2635 maiorem
552 2581 676 2656 partem
695 2572 770 2636 anni
787 2594 857 2636 esse
876 2572 970 2649 solet,
987 2571 1160 2637 maioribus
1177 2572 1277 2636 hostis
1293 2572 1407 2636 immo-

384 2666 518 2743 lassent,
545 2665 620 2730 inde
640 2688 751 2751 preces
773 2688 847 2731 suas
871 2677 1017 2751 acceptas
1035 2666 1077 2730 ab
1095 2666 1155 2730 diis
1177 2666 1408 2730 immortalibus

385 2761 525 2838 ominati,
544 2762 668 2825 senatui
680 2762 740 2825 rite
754 2761 966 2825 sacrificatum
979 2761 1256 2845 precationemque
1271 2760 1310 2825 de
1324 2759 1407 2823 bello

352 2875 366 2921 a
385 2853 504 2918 factam
516 2855 746 2918 renuntiarunt.
773 2854 958 2939 haruspices
972 2854 1018 2917 ita
1030 2853 1272 2939 responderunt,
1290 2852 1317 2917 si
1330 2852 1409 2934 quid

385 2948 432 3011 rei
452 2970 555 3012 novae
580 2950 785 3033 inciperetur,
812 2948 846 3013 id
872 2946 1097 3012 maturandum
1123 2970 1205 3012 esse:
1233 2948 1408 3023 victoriam,

337 3062 368 3107 10
386 3039 1013 3127 triumphum,propagatio[nemimperii
1026 3042 1181 3125 portendi.
1207 3042 1409 3127 patresqucd

384 3130 542 3218 faustum]
556 3134 697 3217 felixque
715 3137 833 3219 populo
842 3135 989 3200 Romano
1003 3145 1096 3210 esset,
1115 3135 1297 3199 centuriatis
1311 3135 1409 3200 comi·

385 3229 425 3291 tis
442 3227 545 3314 primo
564 3225 723 3313 [quoque]
742 3229 793 3293 die
811 3229 895 3294 ferre
913 3229 954 3292 ad
972 3228 1127 3313 populum
1145 3228 1290 3294 consules
1307 3228 1409 3293 iusse-

385 3333 472 3397 runt,
496 3333 533 3386 ut
554 3323 641 3406 quod
660 3322 801 3388 Perseus
817 3322 960 3408 Philippi
981 3324 1080 3400 filius,
1102 3323 1319 3388 Macedonum
1340 3344 1408 3396 rex,

387 3416 539 3482 adversus
557 3415 671 3482 foedus
688 3439 764 3499 oum
781 3427 871 3503 patre
880 3416 1031 3502 Philippo
1047 3416 1145 3481 ictum
1164 3427 1195 3480 et
1213 3437 1320 3481 secum
1336 3425 1410 3498 post

386 3521 519 3575 mortem
537 3511 605 3576 eius
623 3522 811 3576 renovatum
829 3510 923 3575 sociis
940 3509 1052 3596 populi
1064 3508 1202 3574 Romani
1219 3530 1307 3572 arma
1324 3507 1410 3571 intu-

338 3618 368 3665 11
386 3603 483 3681 lisset,
502 3628 595 3691 agros
610 3613 767 3670 vastasset
780 3603 941 3687 urbesque
955 3614 1151 3688 occupasset,
1171 3601 1320 3686 quodque
1334 3600 1410 3665 belli

386 3699 520 3781 parandi
549 3700 701 3764 adversus
731 3698 886 3784 populum
912 3698 1094 3764 Romanum
1127 3697 1259 3761 consilia
1289 3696 1409 3771 inisset,

387 3812 485 3867 arma,
502 3792 627 3869 milites,
646 3792 779 3857 classem
798 3791 866 3856 eius
883 3790 930 3857 rei
948 3812 1044 3856 causa
1062 3800 1278 3874 conparasset,
1296 3800 1332 3854 ut
1349 3788 1411 3854 nisi

388 3883 427 3946 de
443 3885 483 3947 iis
499 3885 595 3950 rebus
613 3885 832 3962 satisfecisset,
855 3884 975 3950 bellum
999 3905 1072 3947 cum
1089 3905 1127 3947 eo
1145 3885 1286 3950 iniretur.
1330 3884 1410 3948 haec

387 3977 509 4057 rogatio
528 3978 569 4041 ad
585 3979 740 4063 populum
756 3978 822 4043 lata
839 3988 897 4043 est.

354 4082 369 4131 1
450 4064 587 4133 XXXI.
615 4070 754 4137 Senatus
773 4072 953 4137 consultum
971 4069 1046 4135 inde
1063 4068 1185 4134 factum
1203 4082 1261 4149 est,
1281 4081 1318 4135 ut
1335 4091 1410 4136 oon-

388 4158 473 4224 sules
489 4158 572 4223 inter
592 4184 627 4227 se
647 4165 826 4248 provincias
843 4162 971 4229 Italiam
989 4173 1021 4227 et
1037 4163 1262 4229 Macedoniam
1281 4186 1410 4249 compa·

386 4263 492 4319 rarent
502 4253 739 4323 sortirenturve:
754 4258 806 4322 cui
814 4255 1006 4324 Macedonia
1016 4256 1205 4335 obvenisset,
1220 4269 1256 4322 ut
1264 4257 1291 4322 is
1300 4279 1411 4341 regem
