3384 4975
514 552 516 557 ,
538 524 657 579 amna
673 520 1064 592 xxxxv,ac.[a.·c.1cr]
1105 525 1109 532 ·
1252 505 1316 573 175

349 685 484 752 XXVI.
510 683 602 747 Dum
615 671 695 745 liaec
708 679 764 755 ibi,
779 678 842 742 alia
856 678 890 741 in
899 677 1101 753 Macedonia,
1120 679 1182 744 alia
1191 679 1314 745 Romae
1334 701 1348 746 r

281 793 456 868 geruntur,
482 777 610 861 interim
630 771 693 859 [in]
711 772 841 857 Illyrico
864 771 906 836 L.
924 771 1060 835 Anicius
1083 794 1160 857 rege
1183 771 1313 851 Gentio,
1345 848 1349 853 ¹

286 876 369 939 sicut
396 882 469 936 ante
493 870 700 942 dictumest,
726 867 761 930 in
783 877 974 952 potestatem
995 863 1138 944 redacta,
1162 864 1313 944 Scodrae,

286 992 370 1054 quae
387 968 478 1052 regia
495 964 610 1040 fuerat,
627 962 786 1047 praesidio
803 961 942 1047 inposito
958 961 1134 1028 Gabinium
1151 963 1314 1047 praefecit,

285 1061 426 1127 Rhizoni
443 1071 476 1124 et
485 1057 613 1137 Olcinio
627 1056 761 1120 urbibus
779 1056 966 1141 opportunis
975 1053 1014 1120 O.
1023 1055 1196 1121 Licinium.
1224 1079 1316 1142 prae-
1326 1078 1379 1125 aa

284 1154 398 1241 positis
416 1154 466 1218 his
483 1152 614 1236 Illyrico
634 1148 737 1235 [cum]
752 1152 876 1233 reliquo
895 1151 1035 1215 exercitu
1058 1151 1092 1214 in
1109 1149 1246 1235 Epirum
1269 1163 1316 1217 est
1353 1200 1356 1204 -

287 1248 459 1334 profectus.
503 1245 560 1308 ubi
581 1245 685 1329 prima
706 1243 856 1308 Phanota
880 1245 910 1309 ei
936 1244 1044 1326 dedita
1066 1244 1153 1307 omni
1174 1244 1317 1309 multitu·
1386 1292 1387 1296 ,

286 1341 362 1405 dine
380 1363 453 1405 cum
470 1339 581 1402 infulis
599 1338 729 1402 obviam
747 1337 859 1403 effusa.
887 1337 972 1415 hinc,
990 1338 1149 1423 praesidio
1168 1338 1316 1423 inposit0,
1335 1360 1353 1406 4

286 1435 321 1499 in
334 1434 544 1498 Molossidem
562 1445 789 1518 transgressus,
807 1433 898 1497 cuius
917 1433 1064 1497 omnibus
1083 1433 1208 1518 oppidis
1225 1456 1318 1518 prae·

286 1538 336 1592 ter
352 1528 565 1592 Passaronem
588 1539 620 1592 et
643 1528 838 1592 Tecmonem
862 1538 895 1593 et
916 1527 1082 1612 Phylacen
1106 1538 1138 1593 et
1154 1528 1318 1592 Horreum

287 1625 423 1708 receptis
436 1623 575 1707 primurn
590 1623 631 1686 ad
640 1622 855 1688 Passaronem
870 1623 968 1690 ducit.
995 1623 1157 1687 Antinous
1172 1622 1318 1688 etThec-
1336 1641 1353 1689 s

289 1717 382 1781 dotus
408 1717 567 1802 principes
594 1717 663 1781 eius
689 1717 825 1782 civitatis
852 1727 958 1793 erant,
984 1716 1126 1802 insignes
1149 1728 1182 1782 et
1207 1716 1317 1782 favore

287 1810 400 1876 Persei
418 1824 449 1876 et
472 1811 544 1874 odio
569 1811 722 1876 adversus
740 1810 919 1888 Romanos,
941 1811 1027 1876 idem
1044 1811 1212 1876 universae
1229 1813 1319 1896 genti
1389 1813 1394 1821 '

289 1916 434 1968 auctores
457 1904 654 1969 desciscendi
678 1905 719 1968 ab
737 1905 903 1969 Romanis.
948 1905 982 1968 hi
1000 1905 1194 1970 conscientia
1211 1905 1318 1990 priva·
1337 1923 1353 1969 6

289 2009 340 2061 tae
357 2019 471 2072 noxae,
489 1997 565 2081 quia
582 1997 660 2082 ipsis
678 1998 767 2062 nulla
784 2020 857 2083 spes
875 1998 988 2063 veniae
1007 2009 1085 2076 erat,
1103 2009 1140 2062 ut
1157 1999 1319 2064 communi

244 2087 251 2100 ’
289 2092 382 2156 ruina
399 2091 521 2176 patriae
539 2092 807 2175 opprimerentur,
832 2091 1015 2156 clauserunt
1031 2102 1153 2177 portas,
1176 2092 1319 2155 multitu·
1417 2114 1451 2146 f

290 2186 458 2262 dinem,‘ut
465 2196 601 2250 mortem
611 2185 756 2250 servituti
769 2197 1012 2272 praeponerent,
1026 2186 1198 2251 hortantes.
1225 2207 1318 2248 nemo
1338 2207 1355 2251 r

290 2281 442 2344 adversus
473 2280 687 2365 praepotentis
720 2281 807 2360 viros
837 2280 960 2345 hiscere
991 2280 1139 2345 audebat.
1192 2279 1320 2343 tandem

289 2375 475 2439 Theodotus
493 2375 634 2458 quidam,
653 2374 768 2440 nobilis
783 2386 815 2441 et
831 2376 900 2460 ipse
915 2376 1112 2452 adulescens,
1132 2395 1206 2439 cum
1219 2373 1321 2437 maior

290 2494 310 2533 a
332 2469 486 2561 Romanis
511 2480 616 2534 metus
647 2470 793 2536 timorem
820 2494 840 2535 a
865 2469 1063 2557 principibus
1090 2469 1155 2535 suis
1182 2468 1320 2544 vicisset,

291 2569 389 2645 ‘quac
408 2584 464 2627 vos
486 2562 605 2626 rabies'
632 2564 736 2645 inquit
763 2565 892 2649 ‘agitat,
916 2566 972 2648 qni
994 2566 1132 2628 duorum
1154 2564 1320 2627 hominum

290 2679 394 2721 noxae
413 2656 574 2720 civitatem
591 2658 805 2721 accessionem
822 2658 950 2721 facitis?
976 2657 1125 2740 equidem
1142 2679 1200 2741 pro
1217 2656 1320 2741 patria
1337 2676 1356 2725 8

290 2752 348 2835 qui
365 2753 464 2815 letum
481 2750 692 2835 oppetissent,
710 2772 806 2835 saepe
823 2752 921 2815 fando
941 2751 1063 2828 audivi3
1085 2748 1168 2836 [qui]
1184 2750 1320 2835 patriam
1409 2777 1412 2783 ·
1484 2775 1488 2796 =

290 2868 348 2932 pro
371 2867 405 2909 se
432 2845 535 2930 perire
563 2866 676 2909 aecum
702 2856 882 2923 censerent,
908 2845 942 2908 hi
967 2844 1061 2930 primi
1090 2844 1211 2909 inventi
1237 2855 1320 2908 sunt.

291 2939 370 3022 quin
384 2939 543 3024 aperimus
561 2948 680 3024 portas,
698 2948 730 3003 et
743 2938 914 3024 imperium
929 2938 1114 3024 accipimus,
1133 2937 1221 3022 quod
1235 2938 1321 3002 orbis

216 3031 225 3039 ’
291 3043 447 3097 terrarum
465 3033 620 3118 accepit?'
648 3032 728 3098 hacc
746 3032 906 3099 dicentem
924 3055 998 3098 cum
1018 3032 1189 3097 multitudo
1208 3055 1320 3117 seque-
1339 3052 1354 3100 9

291 3138 392 3205 retur,
419 3127 580 3193 Antinous
603 3138 636 3192 et
653 3127 838 3193 Theodotus
860 3128 894 3192 in
917 3128 1054 3214 primam
1078 3127 1247 3192 stationem
1264 3126 1321 3191 ho-

292 3221 390 3285 stium
406 3220 609 3307 inruperrmt,
633 3233 729 3306 atque
751 3222 797 3287 ibi
815 3221 984 3288 offerentes
1003 3245 1036 3287 se
1059 3221 1121 3306 ipsi
1138 3219 1321 3286 volneribus
1340 3243 1342 3247 ⁴

291 3313 466 3379 interfecti:
494 3316 571 3379 urbs
599 3316 707 3380 dedita
733 3328 781 3381 est
808 3316 971 3382 Romanis.
1026 3315 1121 3378 simili
1147 3315 1375 3398 pertinaciam
1477 3385 1480 3389 ,

293 3405 431 3492 Cephali
447 3409 599 3494 principis
619 3410 763 3474 clausum
780 3410 976 3475 Tecmonem
993 3409 1064 3492 ipso
1081 3408 1248 3472 interfecto
1265 3430 1322 3491 per

295 3500 487 3565 deditionem
504 3501 634 3585 recepit.
661 3523 720 3566 nec
737 3502 881 3585 Phylace
897 3524 958 3566 nec
976 3502 1138 3564 Horreum
1156 3521 1323 3583 oppugna-

294 3593 413 3656 tionem
439 3594 590 3657 tulerunt.
643 3604 757 3677 pacata
785 3594 900 3680 Epiro,
923 3593 1106 3675 ‘divisisque
1132 3592 1166 3656 in
1191 3593 1323 3657 hiberna
1343 3612 1372 3659 11

295 3686 395 3772 copiis
412 3708 470 3771 per
487 3695 683 3771 opportunas
701 3687 812 3763 urbes,
829 3710 993 3773 regressus
1011 3686 1080 3771 ipsc
1097 3686 1132 3750 in
1148 3686 1323 3771 Illyricum,

296 3779 449 3858 Scodrae,
467 3801 532 3863 quo
551 3780 692 3863 quinque
709 3782 808 3865 legati
825 3782 867 3847 ab
880 3783 984 3848 Roma
1001 3792 1164 3858 venerant,
1183 3779 1322 3845 evocatis

295 3898 336 3941 ex
354 3886 422 3939 tota
439 3874 604 3960 provincia
621 3875 819 3961 principibus
837 3886 1031 3942 conventum
1047 3875 1169 3939 habuit.
1200 3874 1247 3938 ibi
1263 3895 1322 3960 pro
1342 3894 1374 3942 12

295 3970 448 4035 tribunali
464 3970 681 4055 pronuntiavit
694 3970 734 4035 de
748 3970 906 4037 sententia
919 3970 1039 4046 consili,
1058 3979 1204 4032 senatum
1220 3990 1323 4054 popu-

295 4065 427 4149 lumque
444 4065 627 4151 Romanum
644 4065 770 4151 Illyrios
793 4089 862 4132 esse
879 4066 995 4131 liberos
1017 4063 1144 4129 iubere:
1165 4064 1324 4150 praesidia

296 4158 339 4223 eir
355 4160 503 4225 omnibus
515 4160 650 4247 oppidis,
662 4162 789 4226 arcibus
808 4173 840 4228 et
858 4161 994 4227 castellis
1012 4182 1082 4224 sese
1101 4158 1321 4224 deducturum.

296 4274 363 4319 non
384 4255 488 4320 solum
509 4256 641 4335 liberos,
668 4255 726 4322 sed
751 4257 848 4323 ctiam
870 4257 1016 4321 inmunes
1039 4255 1108 4322 fore
1125 4255 1267 4320 Issenses
1291 4261 1322 4317 et
1342 4268 1375 4316 13
