3384 4975
516 549 634 606 rrsna
650 549 826 619 xxxxnr,
844 548 922 604 a—t.
942 549 1095 618 [sonu]
1280 534 1326 602 89

296 710 336 776 C.
359 678 538 788 Matienus3
563 670 618 773 ills
644 706 702 791 Sp.
724 704 909 780 Postumio,
935 703 978 785 Q.
1000 705 1112 770 Mucio
1139 705 1357 775 consulibuso

294 805 431 912 triennio
448 815 532 880 ante,
550 802 602 866 hic
619 800 747 865 biennio
765 797 864 883 prius,
882 797 923 862 L.
932 798 1108 876 Postumio,
1122 801 1171 865 M.
1184 801 1322 910 Popillio

298 993 394 1056 ambo
412 989 631 1074 ampliatique3
659 1009 732 1051 cum
754 986 891 1051 dicenda
912 987 952 1052 de
973 986 1099 1071 integro
1117 1008 1213 1052 causa
1230 1000 1323 1067 esset,

298 1082 442 1148 excusati
460 1082 562 1147 exsilii
580 1104 675 1146 causa
692 1080 797 1146 solum
819 1080 962 1145 vertisse.
1005 1080 1123 1145 Furius
1140 1081 1324 1159 Praeneste,

297 1176 463 1241 Matienus
481 1176 584 1240 Tibur
600 1176 764 1240 exulatum
782 1174 938 1239 abierunt.
974 1174 1061 1239 fama
1079 1187 1147 1241 erat
1163 1174 1323 1259 prohiberi
1342 1195 1373 1242 11

297 1293 317 1334 a
334 1270 477 1355 patronis
499 1268 615 1334 nobilis
633 1290 671 1333 ac
692 1278 839 1354 potentes
863 1269 1057 1353 conpellare,
1084 1269 1235 1352 auxitque
1253 1291 1325 1334 eam

297 1364 511 1450 suspicionem
529 1359 704 1428 Canuleius
720 1372 863 1448 praetor,
885 1363 972 1446 quod
994 1363 1111 1428 omissa
1129 1382 1167 1429 ea
1187 1387 1222 1430 re
1246 1363 1325 1430 dile-

296 1468 385 1523 ctum
408 1457 526 1524 habere
547 1456 697 1534 instituit,
725 1456 799 1521 dein
815 1467 948 1542 repente
970 1457 1005 1522 in
1021 1457 1218 1543 provinciam
1236 1458 1324 1538 abiit,
1393 1495 1397 1508 ι

296 1574 337 1616 ne
355 1551 462 1636 plures
480 1551 522 1616 ab
540 1551 695 1636 Hispanis
713 1561 914 1616 vexarentur.
942 1551 987 1615 ita
1004 1551 1181 1638 praeteritis
1199 1552 1323 1619 silentio
1344 1574 1375 1620 12
1451 1574 1453 1579 ·

298 1644 500 1722 oblitteratis,
526 1644 561 1710 in
582 1644 728 1709 futurum
751 1645 931 1708 consultum
949 1656 1056 1710 tamen
1074 1646 1115 1711 ab
1134 1658 1246 1711 senatu
1263 1649 1326 1712 Hi·

298 1738 418 1822 spanis,
453 1740 540 1822 quod
565 1739 791 1825 impetrarunt,
825 1761 868 1804 ne
894 1738 1046 1804 frumenti
1073 1740 1322 1807 aestimationem

296 1832 501 1916 magistratus
525 1833 690 1898 Romanus
713 1832 847 1898 haberet
868 1855 950 1898 neve
974 1845 1103 1918 cogeret
1123 1835 1324 1901 vicensumas

297 1926 435 1990 vendere
458 1926 621 2009 Hispanos
648 1927 760 2008 quanti
784 1927 854 2012 ipse
882 1926 979 1991 vellet
1001 1938 1033 1992 et
1053 1950 1094 1991 ne
1117 1929 1270 2013 praefecti
1291 1929 1325 1994 in

298 2018 414 2103 oppida
433 2040 493 2082 sua
509 2019 551 2083 ad
568 2021 721 2103 pecunias
739 2018 900 2104 cogendas
917 2020 1165 2103 imponerentur.

362 2111 426 2175 ΠΙ.
449 2111 494 2176 Et
507 2112 653 2176 alianovi
667 2113 794 2196 generis
806 2113 972 2176 hominum
986 2135 1026 2177 ex
1034 2114 1194 2198 Hispania
1206 2116 1323 2200 legatio
1345 2136 1357 2180 1

299 2204 396 2269 venit.
442 2227 482 2269 ex
499 2205 654 2270 militibus
671 2204 826 2270 Romanis
844 2214 877 2270 et
899 2227 940 2269 ex
957 2205 1111 2290 Hispanis
1129 2207 1325 2286 mulieribus,
1344 2228 1360 2272 2

298 2320 372 2362 oum
390 2300 507 2383 quibus
532 2300 705 2365 conubium
722 2323 788 2364 non
805 2310 905 2375 esset,
931 2310 1023 2366 natos
1046 2323 1081 2366 sc
1103 2314 1325 2381 memorantes,

298 2415 394 2477 supra
412 2407 562 2476 quattuor
578 2394 665 2460 milia
684 2395 850 2459 hominum
867 2394 1010 2488 orabant,
987 2405 1067 2461 tut
1083 2395 1144 2461 sibi
1162 2396 1326 2508 oppidum,

297 2488 332 2550 in
349 2508 412 2570 quc
430 2489 620 2565 habitarent,
639 2490 777 2554 daretur.
813 2502 942 2555 senatus
964 2443 1168 2567 debrevit,t
1132 2492 1179 2556 uti
1197 2493 1327 2557 nomina
1345 2514 1360 2559 3

299 2604 358 2645 sua
380 2594 457 2667 aput
478 2582 519 2647 L
539 2580 731 2648 Canuleium
757 2584 981 2667 profiterentur
1003 2606 1176 2667 eorumque
1198 2587 1328 2669 siquos

297 2677 572 2742 manumisissent:
592 2699 646 2742 eos
657 2674 819 2742 Carte1am
827 2678 870 2741 ad
879 2674 1047 2743 Oceanum
1058 2678 1172 2742 deduci
1185 2680 1325 2763 placere3

298 2770 355 2853 qui
374 2769 607 2837 Carteiensium
631 2772 718 2837 domi
734 2792 864 2837 manere
881 2772 1013 2849 vellent,
1039 2783 1231 2858 potestatem
1247 2774 1325 2848 ficri,
1344 2792 1365 2841 4

299 2876 336 2928 ut
352 2865 385 2928 in
402 2887 535 2931 numero
550 2866 735 2931 colonorum
749 2876 865 2943 essent,
884 2888 962 2952 agro
976 2867 1144 2952 adsignato
1149 2891 1159 2946 3
1177 2866 1328 2934 Latinam

301 2981 371 3022 eam
390 2961 545 3024 coloniam
563 2983 633 3027 esse
649 2961 940 3045 libertinorumque
949 2962 1112 3046 appellari.
1217 3016 1224 3027 .
1249 2977 1272 3008 *

363 3051 488 3119 Eodem
506 3066 648 3140 tempore
668 3078 708 3120 ex
725 3055 839 3120 Africa
858 3066 890 3121 et
904 3053 1048 3121 Gulussa
1064 3054 1207 3139 regulus,
1224 3054 1327 3121 Masi·
1344 3076 1360 3123 5

259 3213 265 3217 ,
299 3145 404 3210 nissae
421 3146 515 3225 filins,
533 3148 658 3234 legatus
675 3151 789 3235 patris,
807 3161 840 3215 et
858 3147 1141 3235 Carthaginienses
1159 3161 1324 3215 venerunt.

302 3239 443 3305 Gulussa
455 3244 541 3329 prior
554 3244 744 3310 incenatum
756 3245 967 3323 introductus,
982 3255 1015 3310 et
1027 3244 1126 3308 missa
1139 3265 1221 3326 quae
1236 3254 1327 3309 erant
1344 3262 1360 3309 o

301 3334 343 3399 ad
360 3335 479 3401 bellum
496 3338 745 3404 Macedonicum
762 3363 782 3405 a
799 3352 888 3425 patre
906 3359 965 3405 suo
983 3339 1130 3424 exposuit
1148 3348 1194 3414 et,
1218 3338 1246 3402 si
1263 3358 1328 3421 qua

299 3439 464 3510 praeterea
486 3432 604 3495 vellent
625 3433 798 3516 imperare,
824 3443 1060 3516 praestaturum
1082 3430 1195 3495 merito
1216 3430 1327 3514 populi

301 3520 439 3584 Romani
457 3532 505 3586 est
527 3524 687 3605 pollicitus
706 3535 738 3588 et
755 3525 880 3588 monuit
896 3536 1002 3608 patres
1021 3522 1230 3605 conscriptos,
1252 3532 1327 3585 uta

302 3613 415 3677 fraude
443 3612 757 3699 Carthaginiensium
783 3626 946 3681 caverent:
974 3616 1083 3679 classis
1110 3635 1164 3678 ecs
1190 3636 1361 3699 magnast

302 3706 463 3793 parandae
485 3707 652 3772 consilium
675 3708 811 3793 cepisse,
838 3707 943 3794 specie
965 3729 1023 3793 pro
1040 3706 1194 3772 Romanis
1217 3719 1249 3772 et
1272 3706 1328 3772 ad-

301 3823 413 3867 versus
422 3801 634 3879 Macedonem
652 3801 708 3866 ubi
722 3824 761 3868 ea
777 3813 888 3887 parata
901 3802 1118 3885 instructaque
1132 3812 1225 3878 esset,
1243 3801 1329 3887 ipso·

301 3920 374 3960 rum
399 3894 468 3961 fore
494 3896 658 3982 potestatis
685 3918 783 3980 quem
808 3897 933 3961 hostem
956 3908 1011 3962 aut
1035 3896 1157 3961 socium
1179 3896 1328 3965 habeant.

250 4029 255 4040 κ
302 3992 385 4057 hanc
401 3991 485 4089 iniec

661 4098 679 4131 ὕ
807 4099 825 4134 1
955 4096 973 4131 1

366 4178 575 4270 1111.[...]
599 4182 639 4245 tis
660 4194 785 4248 tantum
729 4193 879 4248 umexst
866 4181 928 4247 titit
949 4203 1050 4267 pavor
1068 4179 1092 4269 [.
1106 4177 1170 4269 ...]
1191 4179 1360 4267 ingressit

303 4284 416 4353 castra,
433 4287 627 4343 ostentantes
645 4278 767 4363 capita,
778 4278 933 4355 fecerunt,
951 4289 988 4342 ut
1006 4277 1033 4343 si
1046 4279 1192 4342 admotus
1207 4288 1328 4341 extem-
