3384 4975
348 386 455 493 l196
576 398 579 417 Ι
628 432 1182 503 Lfflussxxxxv,44.[au.c.rsr]

390 597 513 663 Romae
539 617 598 659 seu
613 594 788 657 Praeneste
814 590 978 655 immolare
1000 591 1110 668 vellet,
1136 590 1206 677 regi
1227 615 1267 657 ex
1288 594 1423 678 publico

340 714 372 762 16
390 691 474 755 sicut
486 687 724 774 magistratibus
733 685 887 752 Romanis
900 684 1137 770 praeberentur,
1155 697 1187 750 et
1201 698 1237 750 ut
1251 711 1291 752 ex
1306 690 1423 769 classe,

391 806 474 868 quae
491 781 644 846 Brundisi
661 790 759 858 esset,
782 801 881 844 naves
898 780 1013 863 longae
1030 779 1144 864 viginti
1162 780 1422 866 adsignarentur,

391 878 507 960 quibus
530 885 682 941 uteretur.
727 873 829 938 donec
852 873 893 937 ad
916 874 1050 937 classem
1072 873 1155 937 dono
1178 874 1287 939 datam
1310 878 1340 942 ei
1361 902 1422 944 rex

342 996 372 1042 17
391 968 603 1055 pervenisset,
630 967 671 1032 L.
691 962 861 1033 Cornelius
885 966 994 1051 Scipio
1021 989 1062 1030 ne
1088 968 1129 1031 ab
1156 991 1194 1033 eo
1222 971 1421 1049 abscederet,

390 1073 617 1148 sumptumque
638 1062 701 1147 ipsi
722 1072 755 1127 et
776 1059 944 1125 comitibus
967 1061 1147 1144 praeberet,
1175 1063 1276 1129 donec
1302 1089 1421 1133 navem

340 1181 372 1230 18
393 1157 638 1223 conscendisset.
682 1155 761 1220 mire
782 1155 901 1220 laetum
920 1164 1026 1219 cetera
1043 1155 1239 1241 benignitate
1256 1159 1290 1221 in
1308 1182 1342 1225 se
1360 1184 1421 1245 po-

389 1252 458 1338 puli
476 1251 614 1316 Romani
636 1272 746 1335 regem
768 1250 868 1314 fuisse
891 1248 1011 1314 ferunt:
1038 1273 1172 1316 munera
1194 1252 1254 1316 sibi
1276 1254 1337 1339 ipsi
1354 1258 1421 1321 emi

388 1367 454 1411 uon
471 1347 560 1422 sisse,
577 1345 678 1410 filium
695 1344 824 1409 iussisse
843 1344 963 1409 donum
981 1344 1093 1429 populi
1105 1345 1243 1410 Romani
1261 1349 1419 1434 accipere.

340 1463 371 1512 19
389 1440 470 1505 haec
492 1440 532 1505 de
549 1440 665 1503 Prusia
687 1440 787 1503 nostri
810 1437 988 1523 scriptores.
1032 1438 1188 1523 Polybius
1211 1463 1285 1505 eum
1307 1465 1420 1527 regem

273 1548 276 1553 ’
389 1534 558 1619 indignum
575 1534 741 1599 maiestate
754 1532 892 1596 nominis
909 1532 989 1596 tanti
1007 1532 1103 1596 tradit
1120 1533 1294 1617 pilleatum,
1313 1538 1419 1620 capite

389 1649 461 1692 raso
467 1673 476 1703 ,
495 1627 623 1693 obviem
644 1623 719 1712 [ire]
737 1626 852 1712 legatis
875 1625 1005 1691 solitum
1021 1626 1235 1711 libertumque
1254 1652 1288 1694 se
1305 1633 1419 1716 populi

338 1743 372 1793 20
389 1722 527 1787 Romani
544 1719 647 1785 ferre:
670 1720 744 1786 ideo
760 1720 900 1805 insignia
917 1719 1035 1785 ordinis
1053 1721 1121 1785 eius
1145 1720 1255 1807 gerere
1260 1749 1269 1801 3
1292 1724 1418 1790 Romae

390 1836 531 1897 quoque,
551 1836 624 1879 oum
642 1815 764 1879 veniret
780 1815 814 1878 in
832 1813 968 1890 curiam,
992 1815 1188 1880 summisisse
1207 1840 1241 1881 se
1259 1828 1291 1882 et
1307 1820 1417 1884 osculo

388 1908 486 1972 limen
508 1909 614 1973 curiae
638 1907 808 1994 contigisse
826 1919 859 1972 et
881 1910 958 1974 deos
982 1920 1159 1974 servatores
1177 1932 1252 1975 suos
1271 1923 1416 1977 senatum

389 2002 566 2086 appellasse
588 2002 746 2085 aliamque
764 2002 941 2066 orationem
962 2013 1111 2067 nontam
1133 2002 1340 2070 honorificam
1358 2030 1417 2071 au-

338 2117 370 2165 21
389 2096 550 2161 dientibus
573 2117 671 2179 quam
688 2095 749 2161 sibi
767 2095 943 2162 deformem
966 2097 1126 2163 habuisse.
1171 2111 1312 2165 moratus
1331 2102 1418 2165 circa

389 2191 502 2256 urbem
515 2191 645 2276 triginta
658 2192 737 2256 haut
749 2191 886 2276 amplius
901 2191 969 2256 dies
982 2192 1017 2256 in
1029 2214 1166 2278 regnum
1180 2205 1228 2260 est
1241 2196 1417 2279 profectus.

390 2297 560 2369 actumque
578 2287 611 2350 in
629 2286 711 2351 Asia
729 2285 849 2350 bellum
870 2284 892 2370 [.
903 2332 911 2348 .
923 2282 948 2370 ]
