3384 4975
332 498 397 567 164
423 479 430 492 ’
504 457 622 565 amaa
639 505 795 576 xxxxv,
815 483 857 561 15.
873 506 914 560 rs.
934 506 1190 575 [asamona]

331 671 405 748 tini,
432 676 557 754 praeter
578 686 648 742 eos,
666 662 792 749 'quibus
815 660 901 727 filius
925 663 1123 747 quinquenni
1144 663 1246 731 maior
1263 689 1305 733 ex
1328 692 1365 738 se

297 790 314 837 2
333 759 427 832 natus
445 772 528 829 esset
541 782 664 837 -eos,
680 759 737 823 ubi
754 774 911 844 proxumo
928 759 1028 823 lustro
1048 760 1134 825 censi
1152 773 1270 841 essent,
1287 755 1365 831 cen-⁴

334 861 397 927 seri
417 858 638 923 iusserunt-
655 865 687 920 et
710 874 763 918 eos
786 852 842 936 qui
860 852 1027 937 praedium
1049 854 1221 939 praediave
1244 859 1365 926 rustica

332 953 432 1038 pluris
451 948 630 1017 sestertium
651 947 782 1034 triginta
799 946 923 1011 milium
939 946 1094 1013 haberent
1105 984 1162 1027 —,
1184 948 1268 1037 [....]
1289 975 1365 1019 cen·

298 1070 314 1117 a
334 1048 424 1113 sendi
441 1047 492 1111 ius
509 1043 706 1109 factumest.
740 1042 803 1106 hoc
821 1061 895 1106 cum
912 1040 958 1106 ita
970 1053 1132 1108 servatum
1150 1056 1244 1122 esset,
1263 1070 1363 1133 nega

332 1142 388 1206 bat
406 1138 563 1205 Claudius
587 1136 732 1222 suffragii
754 1134 906 1200 lationem
922 1135 1045 1201 iniussu
1068 1137 1179 1222 populi
1197 1160 1364 1206 censorem

333 1234 484 1317 cuiquam
502 1232 638 1308 homini,
661 1230 780 1296 nedum
804 1229 908 1294 ordini
931 1229 1080 1295 universo
1099 1231 1239 1298 adimere
1256 1256 1362 1319 posse.

296 1350 315 1397 4
332 1350 438 1412 neque
456 1327 555 1402 enim,
580 1326 607 1391 si
625 1326 710 1390 tribu
728 1347 857 1390 movere
874 1333 996 1409 posset,
1015 1325 1102 1408 quod
1119 1325 1161 1390 sit
1177 1326 1255 1391 nihil
1272 1328 1363 1394 aliud

331 1443 428 1505 quam
454 1431 578 1486 mutare
604 1420 714 1484 iubere
741 1419 874 1497 tribum,
901 1418 973 1483 ideo
997 1418 1143 1483 omnibus
1165 1420 1305 1505 quinque
1329 1434 1363 1487 et

331 1516 462 1599 triginta
483 1513 629 1578 tribubus
652 1535 797 1579 emovere
819 1535 928 1598 posse,
955 1512 989 1577 id
1011 1523 1059 1578 est
1082 1514 1244 1580 civitatem
1264 1516 1362 1583 liber-

331 1619 494 1692 tatemque
521 1610 657 1693 eripere,
683 1630 750 1673 non
774 1607 831 1672 ubi
858 1617 1025 1673 censeatur
1050 1607 1156 1686 finire,
1182 1609 1240 1675 sed
1263 1633 1362 1678 censu

296 1704 511 1773 aexclddere.
559 1703 640 1768 haeo
670 1702 753 1768 inter
783 1702 870 1787 ipsos
898 1702 1084 1788 disceptata.
1133 1714 1295 1788 postremo
1323 1731 1362 1772 eo

331 1803 521 1867 descensum
543 1811 620 1877 est,·
633 1809 670 1864 ut
693 1822 734 1864 ex
759 1810 911 1883 quattuor
932 1799 1063 1863 urbanis
1089 1799 1236 1865 tribubus
1263 1824 1362 1867 unam

330 1897 438 1982 palam
455 1897 489 1961 in
507 1896 587 1961 atrio
603 1894 777 1961 Libertatis
796 1894 992 1971 sortirentur,
1009 1894 1044 1958 in
1061 1916 1159 1978 quam
1176 1916 1289 1962 omnes
1307 1898 1362 1981 qui

297 1992 516 2058 enervitatem
542 1989 713 2055 servissent
739 1989 906 2054 coicerent.
950 1989 1144 2072 Exquilinae
1171 2013 1239 2056 sors
1269 1992 1360 2069 exiit3

330 2085 365 2149 in
383 2109 422 2151 ea
439 2086 490 2150 Ti.
511 2082 678 2150 Gracchus
696 2084 915 2170 pronuntiavit
931 2083 1096 2162 libertinos
1115 2084 1218 2149 omnis
1238 2086 1362 2151 censeri

297 2200 312 2245 7
330 2180 466 2265 placere.
511 2202 629 2264 magno
648 2202 687 2244 ea
709 2202 760 2245 res
778 2178 891 2243 honori
908 2177 1093 2243 censoribus
1112 2189 1190 2264 aput
1211 2192 1360 2245 senatum

330 2273 400 2338 fuit.
445 2274 567 2358 gratiae
594 2284 684 2338 actae
712 2283 744 2338 et
771 2272 976 2357 Sempronio,
1003 2272 1060 2355 qui
1086 2272 1120 2336 in
1142 2272 1222 2337 bene
1245 2286 1359 2358 coepto

296 2377 578 2451 sperseverasset,
606 2377 637 2431 et
660 2363 813 2443 Claudio,
841 2366 896 2450 qui
922 2388 987 2430 non
1013 2366 1195 2451 inpedisset.
1248 2367 1357 2452 plures

331 2481 428 2544 quam
455 2460 496 2524 ab
522 2459 738 2545 superioribus
766 2472 798 2525 et
824 2469 938 2525 senatu
964 2461 1078 2526 remoti
1104 2470 1230 2526 suntet
1258 2483 1360 2546 equos

329 2554 469 2620 vendere
490 2555 580 2621 iussi.
625 2578 735 2620 omnes
757 2556 843 2621 idem
862 2555 903 2619 ab
921 2566 1058 2640 utroque
1077 2565 1108 2621 et
1131 2556 1216 2621 tribu
1233 2557 1313 2622 moti
1331 2569 1361 2622 et

330 2650 433 2716 aerari
449 2649 536 2728 facti,
554 2673 659 2735 neque
676 2650 783 2727 ullius,
801 2671 898 2733 quem
917 2651 998 2716 alter
1015 2660 1149 2728 notaret,
1170 2649 1240 2737 [ab]
1261 2653 1360 2718 altero

296 2745 434 2810 elevata
455 2745 640 2830 ignominia.
685 2745 882 2831 petentibus,
909 2755 946 2810 ut
973 2767 1013 2810 ex
1039 2745 1183 2810 instituto
1207 2747 1249 2811 ad
1276 2758 1360 2813 sarta

330 2851 413 2905 tecta
431 2841 590 2925 exigenda
607 2851 639 2904 et
657 2841 699 2905 ad
712 2862 809 2925 opera
823 2863 906 2925 quae
923 2840 1081 2906 locassent
1099 2841 1267 2926 probanda
1286 2843 1360 2909 anni

329 2945 361 2996 et
379 2956 436 2998 sex
452 2957 600 2998 mensum
617 2943 742 3019 tempus
761 2946 995 3019 prorogaretur,
1016 2931 1077 3000 Cn.
1096 2934 1286 3003 Tremellius
1305 2937 1360 3001 tri-

329 3026 446 3102 bunus,
465 3027 541 3109 quia
558 3028 660 3091 lectus
677 3049 745 3092 non
761 3036 830 3092 erat
846 3028 881 3092 in
898 3040 1054 3106 senatum,
1073 3029 1259 3096 intercessit.

394 3118 520 3184 Eodem
538 3142 622 3184 anno
633 3117 672 3186 C.
684 3119 847 3187 Cicereius
867 3124 979 3189 aedem
996 3123 1150 3190 Monetae
1170 3123 1218 3209 [in
1235 3123 1358 3212 monte]

327 3213 458 3279 Albano
476 3216 636 3281 dedicavit
653 3217 871 3301 quinquennio
887 3230 972 3304 post,
991 3241 1089 3303 quam
1107 3225 1204 3285 vovit.
1241 3221 1359 3287 flamen

327 3308 487 3375 Martialis
500 3311 710 3396 inauguratus
729 3323 778 3378 est
796 3335 834 3378 eo
853 3335 937 3378 anno
955 3313 996 3378 L.
1006 3314 1194 3380 Postumius
1205 3315 1357 3382 Albinus.

295 3423 309 3469 1
391 3404 489 3470 XVI.
517 3404 559 3487 Ω.
582 3406 693 3485 Aelio,
719 3408 769 3472 M.
792 3408 887 3474 Iunio
909 3409 1093 3474 oonsulibus
1121 3409 1359 3495 deprovinciis

326 3499 538 3566 referentibus
560 3521 711 3569 censuere
733 3512 840 3588 patres
864 3502 944 3569 duas
965 3503 1147 3590 provincias
1165 3505 1360 3590 Hispaniam

235 3672 237 3677 ,
326 3617 436 3660 rursus
459 3595 543 3671 lieri,
566 3617 649 3679 quae
671 3620 738 3662 una
759 3620 818 3683 per
838 3598 960 3664 bellum
977 3599 1227 3666 Macedonioum
1245 3600 1359 3678 fuerat,
1388 3598 1390 3602 ’

292 3707 309 3754 2
328 3700 360 3754 et
381 3689 609 3755 Macedoniam
626 3691 856 3777 Illyricumque
879 3695 1024 3771 eosdem,
1043 3695 1085 3760 L.
1103 3692 1246 3759 Paulum
1268 3706 1301 3761 et
1318 3695 1359 3760 L.

326 3783 496 3860 Anicium,
520 3785 678 3870 optinere,
702 3786 804 3852 donec
822 3787 862 3853 de
881 3789 1038 3855 sententia
1060 3789 1241 3875 legatorum
1258 3812 1310 3855 res
1329 3799 1360 3854 et

326 3878 411 3944 bello
436 3879 579 3944 turbatas
598 3891 630 3946 et
649 3879 711 3968 [in]
738 3892 857 3948 statum
874 3884 973 3949 alium
991 3909 1032 3951 ex
1053 3908 1154 3971 regno
1176 3883 1360 3950 formandas

291 3988 309 4036 3
328 3973 579 4057 conposuissent.
626 3977 809 4043 oonsulibus
826 3978 924 4044 Pisae
942 3991 974 4045 et
993 3978 1102 4045 Gallia
1120 3981 1267 4045 decretae
1285 4000 1360 4044 oum

327 4063 411 4130 binis
439 4063 633 4152 [legionibus
660 4072 795 4156 quindm
819 4071 957 4160 milium]
985 4075 1130 4161 peditum
1157 4085 1190 4140 et
1216 4074 1361 4159 equitum

327 4157 629 4246 quadringenorum.
672 4179 857 4252 praetorum
874 4179 975 4235 sortes
993 4169 1099 4249 fuere,
1118 4167 1161 4252 Q.
1181 4167 1289 4234 Cassii
1306 4189 1360 4233 ur·

324 4253 424 4332 bana,
447 4255 510 4324 Μ’.
528 4258 658 4327 Iuventi
674 4261 820 4330 Thalnae
841 4263 925 4331 inter
941 4265 1143 4352 peregrinos,
1168 4263 1219 4329 Ti.
1241 4261 1361 4329 Claudi
