3384 4975
498 531 617 587 umus
633 531 791 601 xxxxn,
810 531 1067 600 9.10.[a.c.173]
1258 519 1301 584 35
1328 525 1329 531 ‘

273 689 407 754 infestus
427 687 567 773 praetori
589 686 727 750 Romam
748 684 857 761 rediit,
881 696 1057 769 senatuque
1081 691 1240 776 extemplo
1259 690 1298 753 ad

273 784 386 849 aedem
402 783 558 847 Bellonae
574 789 704 854 vocato,
728 776 836 841 multis
854 779 961 842 verbis
979 780 1136 846 inventust
1157 784 1192 847 in
1207 805 1301 868 prae·

273 888 389 953 torem,
416 875 472 958 qui
495 896 569 938 cum
585 873 628 937 ob
650 894 719 936 rem
741 872 825 937 bello
847 873 930 938 bene
948 884 1072 959 gestam
1093 875 1141 940 uti
1163 877 1224 942 diis
1240 878 1301 942 im·
1319 897 1333 942 3

273 968 462 1034 mortalibus
479 966 581 1030 honos
598 965 769 1029 haberetur
781 965 900 1030 referre
914 966 956 1029 ad
971 977 1116 1032 senatum
1130 969 1300 1048 debuisset,

276 1064 430 1126 adversus
449 1083 482 1125 se
500 1082 559 1145 pro
576 1059 721 1123 hostibus
739 1071 868 1124 senatus
884 1062 1065 1125 consultum
1083 1061 1301 1148 fecissetque

275 1153 441 1218 victoriam
459 1175 551 1217 suam
568 1152 610 1237 ad
627 1152 767 1236 Ligures
785 1153 972 1218 transferret
989 1154 1127 1238 dedique
1147 1155 1186 1219 iis
1203 1178 1301 1241 prope

275 1247 440 1312 consulem
455 1256 582 1332 praetor
599 1245 737 1310 iuberet:
759 1245 869 1329 itaque
886 1247 1020 1311 multam
1038 1248 1068 1312 ei
1085 1271 1120 1313 se
1138 1248 1260 1326 dicere3
1283 1272 1303 1312 a
1320 1268 1337 1313 4

273 1341 418 1427 patribus
444 1339 620 1424 postulare,
648 1350 684 1403 ut
710 1352 839 1404 senatus
867 1341 1048 1405 consultum
1068 1342 1101 1405 in
1124 1342 1302 1407 selectum

273 1434 342 1499 tolli
366 1433 514 1498 iuberent
540 1432 880 1518 supplicationemque,
914 1455 1012 1517 quam
1043 1435 1175 1501 absente
1201 1457 1236 1500 se
1262 1455 1335 1501 exo

273 1527 386 1592 litteris
405 1526 445 1592 de
462 1526 545 1591 bene
561 1537 705 1611 gestare
722 1527 853 1612 publica
870 1527 974 1591 missis
993 1528 1163 1593 decernere
1181 1528 1301 1593 debue-

274 1623 353 1698 rint,
370 1631 537 1707 praesente
554 1621 682 1685 honoris
701 1622 833 1686 deorum
850 1621 989 1707 primum
1007 1644 1118 1700 causa,
1137 1623 1252 1688 deinde
1270 1633 1301 1687 et

275 1716 325 1781 sui
342 1716 448 1800 aliquo
466 1726 574 1780 tamen
595 1727 741 1801 respectu
760 1716 976 1782 decernerent.
1011 1717 1110 1780 nihilo
1128 1716 1300 1782 lenioribus
1320 1736 1334 1782 o

274 1828 372 1893 quam
398 1810 514 1874 absens
540 1821 724 1875 senatorum
754 1810 876 1893 aliquot
901 1810 1096 1876 orationibus
1118 1811 1300 1897 increpitus

274 1914 389 1969 neutra
404 1901 573 1988 impetrata
588 1925 624 1969 re
641 1904 675 1967 in
692 1903 889 1989 provinciam
906 1904 1010 1969 rediit.

339 1997 434 2060 Alter
455 1996 567 2060 consul
589 1996 775 2060 Postumius
797 2007 994 2082 consumpta.
1013 2007 1132 2062 aestate
1153 1997 1188 2060 in
1213 2018 1333 2062 rece-t

277 2088 468 2175 gnosoeudis
486 2088 588 2173 agris,
609 2111 650 2152 ne
668 2088 737 2153 visa
754 2089 884 2171 quidem
901 2090 1065 2173 provincia
1083 2112 1143 2154 sua
1158 2090 1302 2153 comitio·

274 2203 454 2249 rumcausa
461 2181 599 2246 Romam
608 2180 710 2247 rediit.
728 2182 873 2246 consules
884 2180 923 2247 C.
932 2181 1106 2267 Popillium
1115 2183 1302 2258 Laenatem,
1321 2202 1335 2248 s

274 2277 314 2341 P.
332 2275 465 2341 Aelium
488 2275 645 2362 Ligurem
667 2274 796 2340 creavit.
844 2286 1007 2361 praetores
1028 2275 1144 2341 exinde
1166 2275 1244 2339 facti
1262 2271 1301 2338 C.

274 2370 420 2437 Licinius
439 2369 588 2448 Crassus,
606 2371 656 2435 Μ.
673 2370 787 2436 Iunius
803 2368 947 2447 Pennus,
967 2368 1024 2456 Sp.
1042 2369 1223 2447 Lucretius,
1243 2367 1300 2455 Sp.

276 2462 423 2543 Cluvius,
442 2463 507 2531 Cu·
524 2463 674 2542 Sicinius,
694 2464 749 2551 [O.
767 2463 961 2552 Memmius]
978 2465 1104 2531 iterum.
1138 2495 1141 2499 ·

296 2579 299 2583 ·
339 2558 387 2622 X.
413 2559 465 2623 Ilo
488 2580 572 2623 anno
598 2560 735 2623 lustrum
761 2560 924 2624 eonditum
950 2571 1012 2638 est3
1039 2581 1185 2625 censores
1212 2565 1335 2624 erantl

276 2650 319 2733 Q.
333 2651 470 2716 Fulvius
489 2650 651 2737 [Flaccus
668 2652 712 2716 A.
722 2652 924 2737 Postumius]
943 2652 1098 2728 Albinus3
1116 2650 1302 2717 Postumius

276 2746 426 2811 condidit.
470 2769 566 2812 censa
582 2756 657 2810 sunt
674 2746 791 2812 civium
809 2749 1027 2812 Romanorum
1045 2746 1150 2832 capita
1167 2746 1304 2810 ducenta
1322 2765 1336 2811 2

276 2841 443 2927 sexaginta
468 2863 585 2907 novem
612 2841 700 2907 milia
725 2852 758 2906 et
783 2842 980 2925 quindecim,
1010 2842 1116 2906 minor
1140 2841 1335 2924 aliquantae

275 2958 437 3013 numerus,
455 2935 531 3020 quia
538 2936 580 3000 L.
590 2936 778 3001 Postumius
791 2938 902 3001 consul
920 2958 978 3021 pro
991 2936 1136 3001 contione
1150 2935 1302 3012 edixerat,

276 3029 332 3112 qui
353 3030 474 3095 socium
491 3030 601 3094 Latini
623 3030 760 3100 nominis
783 3054 824 3096 ex
846 3032 950 3097 edicto
969 3027 1008 3097 C.
1029 3028 1146 3096 Claudi
1163 3030 1302 3094 consulis

275 3122 378 3189 redire
395 3124 430 3188 in
447 3122 591 3190 civitates
604 3146 678 3190 suas
692 3124 887 3201 debuissent,
905 3124 1031 3209 nequis
1050 3145 1160 3191 eorum
1168 3123 1302 3199 Romae,

275 3228 308 3281 et
329 3238 439 3282 omnes
460 3216 495 3281 in
517 3218 583 3282 suis
605 3218 786 3284 civitatibus
808 3229 1023 3284 censerentur.
1072 3239 1204 3283 concors
1231 3227 1263 3281 ct
1285 3239 1302 3279 e
1320 3238 1337 3282 4

275 3334 311 3377 re
332 3312 462 3397 publica
479 3334 615 3378 censura
636 3312 706 3377 fuit
751 3313 868 3391 omnis,
896 3334 976 3397 quos
999 3322 1113 3377 senatu
1134 3323 1303 3376 moverunt

276 3406 457 3491 quibusque
480 3428 579 3490 equos
606 3407 807 3486 ademerunt,
834 3408 972 3474 aerarios
993 3408 1139 3472 fecerunt
1160 3415 1192 3469 et
1218 3404 1303 3467 tribu

276 3510 459 3573 moverunt,
476 3521 581 3582 neque
598 3501 640 3564 ab
658 3502 757 3566 altero
774 3512 920 3565 notatum
938 3502 1018 3566 alter
1034 3497 1190 3583 probavit.
1226 3496 1304 3558 Ful-
1322 3511 1337 3558 5

277 3591 350 3654 vius
373 3590 486 3654 aedem
501 3592 664 3655 Fortunae
686 3594 855 3674 equestris,
881 3614 978 3673 quam
1001 3588 1171 3673 proconsul
1193 3588 1227 3651 in
1243 3585 1305 3649 Hi-

279 3682 392 3769 spania
418 3682 572 3747 dimicans
598 3705 673 3747 oum
699 3682 932 3749 Celtiberorum
957 3680 1138 3768 legionibus
1163 3690 1303 3756 voverat,

279 3777 370 3842 annis
388 3797 444 3841 sex
461 3795 619 3861 posquam
635 3788 766 3842 voverat
783 3777 956 3855 dedicavit,
979 3787 1011 3842 st
1028 3774 1189 3841 scaenicos
1211 3772 1304 3837 ludos

278 3891 336 3957 per
353 3869 577 3954 quadriduum,
594 3893 696 3935 unum
713 3871 797 3937 diem
814 3873 848 3935 in
866 3872 949 3937 circo
967 3871 1052 3936 fecit.

343 3965 385 4029 L.
405 3962 573 4031 Cornelius
591 3965 764 4044 Lentulus,
787 3967 948 4032 decemvir
965 3987 1141 4042 sacrorum,
1163 3983 1202 4030 eo
1220 3984 1303 4031 anno
1322 3985 1337 4033 6

279 4070 423 4125 mortuus
442 4072 500 4125 est.
535 4060 570 4124 in
586 4061 694 4125 locum
711 4062 779 4127 eius
798 4062 951 4128 suffactus
965 4063 1008 4126 A.
1017 4059 1202 4125 Postumius
1210 4059 1305 4124 Albi·

279 4176 351 4219 nus.
377 4155 574 4221 lucustarum
591 4166 699 4222 tantae
715 4157 818 4224 nubes
831 4180 852 4223 a
864 4157 944 4221 mari
960 4168 1091 4242 repente
1108 4154 1141 4219 in
1149 4154 1304 4241 Apuliam
1323 4174 1337 4219 7

280 4251 397 4318 inlatae
414 4262 503 4331 suut,
521 4263 558 4317 ut
575 4254 774 4320 examinibus
792 4254 857 4320 suis
877 4275 970 4339 agros
988 4253 1052 4319 late
1070 4251 1245 4337 operirent3
1263 4249 1303 4312 ad
1322 4266 1337 4313 s

1101 4354 1135 4406 3⁸
