3384 4975
360 518 362 520 ·
387 501 451 568 212
510 508 732 567 remecurt
749 506 954 565 umbonum
963 484 1352 564 'amu-uxxxvnu.

387 650 495 725 proelio
507 650 584 705 vicit.
611 653 717 704 etcum
730 647 765 701 L.
775 644 927 717 Scipionis,
943 645 1057 701 alterius
1071 645 1204 714 consulis,
1221 663 1285 700 cum
1298 663 1353 718 quo
1368 665 1422 718 per

388 722 483 776 omnia
492 719 523 773 id
531 721 639 790 egerat,
652 722 685 770 ut
692 732 793 787 pacem
801 715 940 786 iungeret,
955 732 1007 769 nec
1015 718 1154 784 potuerat,
1170 719 1264 769 castra
1273 731 1422 787 oppugna-

388 797 468 844 turus
481 794 567 855 esset,
581 786 727 840 universus
741 783 878 838 exereitus
891 782 1026 853 consulis,
1041 782 1209 837 sollicitatus
1217 800 1269 853 per
1277 784 1392 839 emissos
1404 803 1423 841 a

390 858 471 939 Sylla
479 856 590 924 milites,
600 854 624 909 si
666 853 729 908 aad
738 850 847 923 Syllam
856 851 1007 906 transtulit.
1034 849 1080 905 Sci
1101 851 1128 905 io
1142 867 1206 931 cum
1215 851 1306 906 occidi
1314 860 1420 923 posset,

389 926 519 981 dimissus
537 929 588 979 est.
638 941 666 976 n.
681 921 845 992 Pompeius,
861 918 912 975 Cn.
924 919 1044 990 Pompei
1060 868 1135 973 fliius
1150 936 1209 974 erus
1223 919 1272 991 qui
1284 922 1423 976 Asculum

388 1011 421 1049 ce
443 999 516 1061 erat,
531 991 688 1061 conscripto
700 989 920 1044 voluntariorum
933 989 1055 1043 exercitu
1072 1004 1136 1042 cum
1153 988 1242 1042 tribus
1260 989 1423 1060 legionibus

390 1080 408 1116 a
437 1060 547 1133 Syllam
558 1064 689 1128 venerat,
708 1058 745 1113 ad
759 1074 842 1129 quem
856 1073 886 1114 se
899 1056 1033 1111 nobilitas
1046 1056 1136 1110 omnis
1145 1056 1322 1126 conferebat,
1338 1058 1423 1113 itant

389 1129 580 1186 desertaurbe
590 1129 627 1183 ad
637 1132 730 1182 castra
739 1125 889 1181 veniretm.
935 1130 1063 1181 raeterca
1072 1125 1263 1196 expeditiones
1270 1143 1322 1196 per
1331 1131 1422 1182 totam

389 1198 503 1255 ltaliam
510 1197 655 1268 utriusque
664 1193 753 1268 partis
763 1195 905 1315 dffisse
911 1198 1043 1315 Lexrqqqqr.

441 1333 513 1391 Cum
522 1333 553 1390 O.
562 1334 668 1389 Marius
678 1332 709 1388 C.
720 1331 793 1387 Mari
806 1332 881 1386 filius
894 1332 993 1387 consul
1006 1337 1071 1386 ante
1087 1348 1175 1386 annos
1189 1331 1289 1405 viginti
1299 1350 1350 1404 per
1363 1335 1421 1388 vim

389 1409 500 1484 creatus
510 1408 591 1471 esset,
608 1401 640 1482 (l.
649 1400 902 1482 FabiusiuAfrica
909 1405 1024 1470 propter
1033 1400 1227 1481 crudelitatem
1236 1407 1265 1455 et
1273 1401 1422 1457 avaritiam

390 1474 986 1608 tttttttttttttttttttttt
1000 1468 1423 1609 ttttllttttttttttt

390 1625 454 1662 cum
466 1579 575 1662 Italicis
587 1607 714 1678 populis,
729 1623 765 1660 ne
777 1605 922 1661 timeretur
936 1606 972 1660 ab
988 1605 1028 1660 eis
1037 1605 1115 1685 velut
1124 1611 1269 1686 ereptuus
1278 1606 1422 1662 civitatem

390 1682 420 1731 et
433 1676 561 1746 suffragii
573 1676 617 1729 ius
630 1691 720 1744 nuper
729 1675 839 1742 datum,
853 1673 953 1730 foedus
961 1679 1107 1744 percussit.
1134 1674 1263 1744 rdemquc
1273 1692 1307 1730 ex
1315 1674 1422 1730 fiducia

390 1745 448 1799 iam
469 1751 563 1798 certae
583 1744 717 1797 victoriae
739 1742 909 1813 litigatores,
932 1759 951 1796 a
973 1742 1074 1823 quibus
1093 1742 1237 1811 adibatur,
1260 1743 1422 1798 vadimonia

390 1812 510 1867 Romam
522 1810 631 1866 deferre
645 1810 738 1878 iussit,
757 1827 822 1865 eum
835 1827 854 1865 a
867 1814 947 1880 parte
963 1811 1074 1866 diversa
1087 1811 1153 1865 urbs
1164 1811 1255 1866 adhue
1268 1816 1420 1879 teneretur.

390 1880 425 1934 L.
433 1879 624 1950 Damasippus
638 1884 751 1949 praetor
764 1895 798 1933 ex
810 1878 955 1934 voluntate
965 1878 996 1934 C.
1006 1879 1079 1933 Mari
1088 1879 1210 1933 consulis
1220 1896 1283 1933 eum
1292 1885 1422 1935 senatum

391 1949 585 2016 contraxisset,
601 1964 712 2002 omnem
725 1963 798 2016 quae
813 1948 842 2001 in
855 1947 925 2021 urbe
940 1952 1002 2003 erat
1015 1947 1192 2002 nobilitatem
1200 1948 1359 2003 trucidavit.
1386 1967 1422 2004 ex

391 2017 469 2071 euius
487 2033 602 2070 numero
623 2014 657 2079 Q.
675 2014 785 2070 Mucius
805 2014 942 2071 Scaevola
962 2016 1090 2087 pontifex
1107 2016 1242 2070 maximus
1260 2016 1372 2087 fugiens
1391 2018 1422 2070 in

309 2141 311 2146 ,
389 2085 528 2140 vestibulo
543 2085 621 2139 aedis
630 2085 735 2140 Vestae
748 2084 856 2138 occisus
871 2090 922 2139 est.
947 2091 1095 2154 praeterea
1108 2084 1215 2139 bellum
1228 2102 1246 2139 a
1258 2085 1292 2138 L.
1302 2085 1421 2141 Murena

390 2155 523 2210 adversus
532 2153 715 2208 Mithridaten
724 2153 754 2207 in
762 2153 833 2208 Asia
841 2158 1005 2208 renovatum
1016 2153 1150 2208 continet.

779 2232 888 2273 exere.
902 2232 1029 2275 Lxxxvu.
1421 2244 1423 2249 ·

442 2288 522 2361 Sylla
531 2289 563 2346 Ο.
572 2289 705 2359 Marium,
721 2290 844 2344 exercitu
858 2289 918 2344 eius
933 2289 996 2344 fuso
1011 2290 1159 2370 deletoque
1173 2291 1211 2344 ad
1220 2288 1418 2358 Sacriportum,

389 2360 419 2414 in
428 2359 532 2438 oppido
541 2358 694 2413 Praeneste
704 2358 823 2427 obsedit,
832 2357 931 2412 urbem
939 2357 1058 2412 Romam
1067 2375 1101 2413 ex
1109 2358 1420 2413 mimicorummanibus

389 2433 504 2497 recepit.
531 2426 652 2480 Marium
664 2442 810 2497 erumpere
823 2430 1009 2497 temptantem
1020 2426 1152 2497 reppulit.
1178 2430 1326 2497 praeterea
1341 2443 1387 2482 res
1403 2444 1422 2481 a

389 2494 491 2567 legatis
501 2496 561 2551 cius
572 2496 671 2551 eadem
679 2495 783 2565 ubique
792 2493 907 2549 fortuna
916 2497 1039 2565 partium
1047 2500 1143 2566 gestas
1152 2496 1285 2551 eontinet.

772 2576 814 2616 nx
827 2576 886 2616 mn.
900 2576 1038 2617 uxxxvm.

441 2630 524 2704 Sylla
533 2631 697 2702 Carbonem,
709 2632 832 2689 exercitu
841 2633 878 2688 ad
889 2631 1022 2703 Clusium,
1034 2633 1421 2688 adFaventiamFidentiam-

390 2701 770 2782 quecaeso,Italiaexpulit;
788 2719 852 2756 cum
861 2701 1043 2771 Samnitibus,
1073 2702 1165 2756 uisoli
1174 2719 1208 2756 ex
1216 2701 1322 2755 Italicis
1331 2718 1421 2771 popu-

306 2829 308 2832 .
389 2771 424 2823 hs
437 2771 562 2824 nondum
579 2788 658 2825 amna
671 2775 839 2851 posuerant,
858 2770 937 2825 iuxta
949 2771 1047 2825 urbem
1088 2786 1218 2825 omanam
1232 2775 1422 2839 antepartum

390 2837 530 2892 Collinam
539 2838 705 2907 debellavit3
724 2839 937 2918 reciperataque
945 2855 976 2894 re
985 2838 1100 2919 publica
1108 2838 1324 2918 pulcherrimam
1333 2838 1420 2892 victo-

390 2906 462 2959 riam
475 2905 654 2974 crudelitate,
669 2913 775 2978 quanta
789 2924 818 2960 nr
832 2907 910 2960 nullo
924 2907 1069 2962 hommum
1082 2906 1136 2961 fult
1163 2906 1329 2977 inquinavit.
1357 2912 1421 2960 octo

390 2973 468 3053 milia
482 2974 676 3028 dediticiorum
689 2975 718 3029 in
727 2975 795 3028 villa
803 2974 1090 3044 publicatrucidavit,
1105 2946 1232 3029 tabulam
1242 2974 1421 3044 proscriptio·

390 3057 493 3111 mspro
515 3042 596 3109 osuit,
610 3042 709 3097 urbem
718 3060 751 3097 ac
760 3047 850 3096 totam
858 3043 971 3098 ltaliam
980 3044 1114 3099 caedibus
1122 3044 1253 3113 replevit,
1268 3043 1341 3097 inter
1370 3060 1422 3097 uas

391 3125 486 3163 omnes
521 3109 693 3171 raenestinos
703 3111 822 3165 inermes
832 3111 1038 3181 concidiiussit,
1053 3111 1174 3166 Marium
1183 3112 1305 3167 senatori
1315 3060 1421 3164 ordinis

390 3177 481 3231 virum
503 3178 630 3231 crinibus
651 3178 829 3249 brachiisque
847 3180 958 3249 fractis,
983 3180 1097 3249 auribus
1114 3180 1267 3250 praesectis
1286 3183 1315 3234 et
1333 3179 1421 3233 oculis

392 3245 500 3300 effossis
512 3246 632 3300 necavit.
659 3245 691 3302 Ο.
705 3246 811 3301 Marius
824 3248 979 3305 Praeneste
994 3249 1123 3305 obsessus
1137 3265 1155 3303 a
1168 3248 1300 3302 Lucretio
1317 3246 1422 3310 Ofella,

393 3313 572 3385 Syllanarum
588 3315 711 3384 partium
727 3317 800 3385 viro,
825 3334 890 3371 cum
910 3335 962 3388 per
980 3317 1140 3372 cuniculum
1157 3322 1284 3386 captaret
1302 3316 1422 3370 evadere

392 3388 522 3455 saeptum
535 3385 671 3453 exercitu,
686 3390 803 3440 mortem
816 3385 1022 3441 sibiconscivit.
1048 3386 1148 3453 idest,
1163 3385 1216 3439 ini
1237 3401 1267 3438 so
1282 3384 1421 3451 cuniculo,

392 3469 457 3507 eum
476 3452 592 3508 sentiret
608 3469 639 3508 se
657 3453 775 3509 evadere
792 3471 850 3509 non
867 3471 963 3535 posse,
982 3471 1046 3508 cum
1064 3453 1197 3508 Telesino
1214 3402 1300 3523 fugae
1320 3452 1422 3506 comite

393 3521 488 3576 stricto
497 3522 636 3592 utrimque
645 3521 741 3593 gladio
751 3528 903 3592 eoncumt3
913 3538 997 3594 quem
1006 3540 1069 3577 cum
1078 3521 1299 3592 occidisset,ipse
1309 3521 1423 3575 saueius

392 3590 676 3662 impetraritaservo,
685 3596 718 3647 ut
727 3607 756 3646 se
766 3591 916 3665 occideret.

451 3666 454 3674 ·
772 3671 814 3711 ex
826 3671 883 3711 ms.
897 3671 1047 3713 Lxxxwm.

445 3725 484 3779 Μ.
501 3726 606 3781 Brutus
625 3746 642 3783 a
660 3728 711 3782 Cn.
729 3727 844 3808 Papirio
863 3726 1006 3797 Carbone,
1027 3728 1075 3797 qui
1093 3728 1243 3798 Cossuram
1262 3724 1422 3795 adpulerat,

393 3793 493 3849 missus
507 3812 578 3851 nave
591 3796 744 3866 piscatoria
752 3796 936 3867 Lilybaeum,
951 3801 983 3850 nt
992 3796 1161 3865 exploraret,
1178 3813 1215 3850 an
1224 3795 1264 3849 ibi
1273 3796 1330 3849 iam
1338 3794 1423 3848 Pom·

393 3864 474 3931 peius
484 3868 565 3932 esset,
580 3871 609 3919 et
617 3865 820 3919 circumventus
828 3864 956 3934 navibus,
972 3879 1041 3985 quas
1050 3863 1202 3933 Pompeius
1212 3864 1337 3930 miserat,
1352 3862 1383 3915 in
1393 3881 1424 3917 se

394 3948 526 3986 mucrone
543 3948 623 3987 verso
640 3932 677 3986 ad
694 3936 846 3990 transtrum
863 3932 943 3987 naris
961 3948 977 3986 o
998 3930 1078 3985 nixus
1097 3933 1220 4003 eorporis
1238 3932 1363 4003 pondere
1381 3932 1424 3984 in-

395 3997 500 4053 cubuit.
527 3998 578 4055 (ln.
586 3999 737 4121 Pomfieius
751 4000 781 4055 in
792 3999 918 4055 Siciliam
927 4017 990 4055 eum
998 3998 1114 4069 imperio
1125 4017 1143 4054 a
1151 4006 1252 4056 senatu
1261 4002 1360 4054 missus
1371 3999 1423 4054 Cn.

396 4063 736 4214 gssifffieie'iitoimfactus,
755 4138 830 4218 quod
842 4144 925 4193 nemo
938 4152 1073 4216 umquam
1083 4137 1204 4206 fecerat,
1221 4155 1285 4192 eum
1297 4136 1425 4191 fascibus

395 4206 501 4283 vrgmtr·
509 4210 640 4285 quattuor
651 4211 795 4277 processit.
822 4205 934 4277 legibus
948 4221 1025 4259 nous
1038 4206 1080 4286 rei
1092 4206 1225 4286 publicae
1239 4210 1343 4286 statum
1357 4221 1424 4259 con-

395 4270 531 4336 firmant.
546 4273 720 4327 tnbunorum
731 4274 824 4344 plebis
838 4278 1008 4346 potestatem
1021 4279 1121 4330 minuit
1134 4280 1163 4330 et
1177 4290 1256 4330 omne
1270 4292 1314 4328 rus
1328 4275 1425 4345 legum

680 4084 729 4122 ens
751 4069 925 4125 muliebriter
942 4072 1059 4122 mortem
1076 4068 1153 4138 tulit,
1178 4075 1292 4139 captum
1310 4068 1423 4122 cecidit.
