<?xml version="1.0" encoding="UTF-8"?>
<!DOCTYPE html PUBLIC "-//W3C//DTD XHTML 1.0 Transitional//EN"
    "http://www.w3.org/TR/xhtml1/DTD/xhtml1-transitional.dtd">
<html xmlns="http://www.w3.org/1999/xhtml" xml:lang="en" lang="en">
 <head>
  <title>
</title>
<meta http-equiv="Content-Type" content="text/html;charset=utf-8" />
  <meta name='ocr-system' content='tesseract 3.04.00' />
  <meta name='ocr-capabilities' content='ocr_page ocr_carea ocr_par ocr_line ocrx_word'/>
</head>
<body>
  <div class='ocr_page' id='page_1' title='image "./titiliviaburbec04livygoog_0141.png"; bbox 0 0 3384 4975; ppageno 0'>
   <div class='ocr_carea' id='block_1_1' title="bbox 508 509 1325 588">
    <p class='ocr_par' dir='ltr' id='par_1_1' title="bbox 508 509 1325 588">
     <span class='ocr_line' id='line_1_1' title="bbox 508 509 1325 588; baseline 0 -12"><span class='ocrx_word' id='word_1_1' title='bbox 508 519 626 576; x_wconf 84' lang='lat' dir='ltr'>LIBER</span> <span class='ocrx_word' id='word_1_2' title='bbox 641 517 816 588; x_wconf 86' lang='lat' dir='ltr'>XXXXIH,</span> <span class='ocrx_word' id='word_1_3' title='bbox 835 519 878 572; x_wconf 79' lang='lat'>18.</span> <span class='ocrx_word' id='word_1_4' title='bbox 893 518 936 572; x_wconf 85' lang='lat'>19.</span> <span class='ocrx_word' id='word_1_5' title='bbox 954 523 994 585; x_wconf 84' lang='lat' dir='ltr'>[a.</span> <span class='ocrx_word' id='word_1_6' title='bbox 1003 518 1035 575; x_wconf 80' lang='lat' dir='ltr'>O.</span> <span class='ocrx_word' id='word_1_7' title='bbox 1045 521 1110 588; x_wconf 87' lang='grc'>169]</span> <span class='ocrx_word' id='word_1_8' title='bbox 1132 539 1136 545; x_wconf 85' lang='lat'><em>·</em></span> <span class='ocrx_word' id='word_1_9' title='bbox 1262 509 1325 577; x_wconf 87' lang='lat'>103</span> 
     </span>
    </p>
   </div>
   <div class='ocr_carea' id='block_1_2' title="bbox 284 673 1429 4339">
    <p class='ocr_par' dir='ltr' id='par_1_2' title="bbox 296 673 1429 1602">
     <span class='ocr_line' id='line_1_2' title="bbox 299 673 1325 767; baseline 0.002 -22"><span class='ocrx_word' id='word_1_10' title='bbox 299 691 355 745; x_wconf 89' lang='lat' dir='ltr'>aut</span> <span class='ocrx_word' id='word_1_11' title='bbox 377 678 473 743; x_wconf 88' lang='lat' dir='ltr'>ullius</span> <span class='ocrx_word' id='word_1_12' title='bbox 491 676 621 742; x_wconf 87' lang='lat' dir='ltr'>alterius</span> <span class='ocrx_word' id='word_1_13' title='bbox 642 675 689 740; x_wconf 92' lang='lat' dir='ltr'>rei</span> <span class='ocrx_word' id='word_1_14' title='bbox 707 675 799 758; x_wconf 89' lang='lat' dir='ltr'>copia</span> <span class='ocrx_word' id='word_1_15' title='bbox 816 673 1003 751; x_wconf 74' lang='lat' dir='ltr'>intus&#39;erat,</span> <span class='ocrx_word' id='word_1_16' title='bbox 1030 676 1116 741; x_wconf 89' lang='lat' dir='ltr'>utin</span> <span class='ocrx_word' id='word_1_17' title='bbox 1133 680 1325 767; x_wconf 85' lang='lat' dir='ltr'>necopinata</span> 
     </span>
     <span class='ocr_line' id='line_1_3' title="bbox 299 767 1373 854; baseline 0.005 -15"><span class='ocrx_word' id='word_1_18' title='bbox 299 774 475 839; x_wconf 85' lang='lat' dir='ltr'>obsidione.</span> <span class='ocrx_word' id='word_1_19' title='bbox 518 772 627 853; x_wconf 87' lang='lat' dir='ltr'>itaque</span> <span class='ocrx_word' id='word_1_20' title='bbox 649 791 723 832; x_wconf 91' lang='lat' dir='ltr'>cum</span> <span class='ocrx_word' id='word_1_21' title='bbox 745 768 814 853; x_wconf 90' lang='lat' dir='ltr'>spei</span> <span class='ocrx_word' id='word_1_22' title='bbox 835 767 916 832; x_wconf 92' lang='lat' dir='ltr'>nihil</span> <span class='ocrx_word' id='word_1_23' title='bbox 934 769 975 833; x_wconf 90' lang='lat' dir='ltr'>ad</span> <span class='ocrx_word' id='word_1_24' title='bbox 997 771 1207 839; x_wconf 90' lang='lat' dir='ltr'>resistendum</span> <span class='ocrx_word' id='word_1_25' title='bbox 1229 789 1322 854; x_wconf 86' lang='lat' dir='ltr'>esset,</span> <span class='ocrx_word' id='word_1_26' title='bbox 1343 797 1373 844; x_wconf 87' lang='lat'>10</span> 
     </span>
     <span class='ocr_line' id='line_1_4' title="bbox 299 859 1323 949; baseline 0.002 -17"><span class='ocrx_word' id='word_1_27' title='bbox 299 866 339 932; x_wconf 85' lang='lat' dir='ltr'>O.</span> <span class='ocrx_word' id='word_1_28' title='bbox 363 864 523 931; x_wconf 84' lang='lat' dir='ltr'>Carvilius</span> <span class='ocrx_word' id='word_1_29' title='bbox 546 861 730 947; x_wconf 81' lang='lat' dir='ltr'>Spoletinus</span> <span class='ocrx_word' id='word_1_30' title='bbox 758 872 790 925; x_wconf 90' lang='lat' dir='ltr'>et</span> <span class='ocrx_word' id='word_1_31' title='bbox 808 859 847 926; x_wconf 85' lang='lat' dir='ltr'>C.</span> <span class='ocrx_word' id='word_1_32' title='bbox 866 861 1022 927; x_wconf 84' lang='lat' dir='ltr'>Afranius</span> <span class='ocrx_word' id='word_1_33' title='bbox 1040 886 1060 926; x_wconf 92' lang='lat' dir='ltr'>a</span> <span class='ocrx_word' id='word_1_34' title='bbox 1082 869 1239 949; x_wconf 89' lang='lat' dir='ltr'>praesidio</span> <span class='ocrx_word' id='word_1_35' title='bbox 1257 869 1323 934; x_wconf 86' lang='lat' dir='ltr'>Ro-</span> 
     </span>
     <span class='ocr_line' id='line_1_5' title="bbox 298 954 1324 1040; baseline 0.003 -16"><span class='ocrx_word' id='word_1_36' title='bbox 298 981 395 1024; x_wconf 91' lang='lat' dir='ltr'>mano</span> <span class='ocrx_word' id='word_1_37' title='bbox 422 958 527 1032; x_wconf 86' lang='lat' dir='ltr'>missi,</span> <span class='ocrx_word' id='word_1_38' title='bbox 555 955 611 1038; x_wconf 92' lang='lat' dir='ltr'>qui</span> <span class='ocrx_word' id='word_1_39' title='bbox 633 978 653 1018; x_wconf 92' lang='lat' dir='ltr'>a</span> <span class='ocrx_word' id='word_1_40' title='bbox 668 954 788 1019; x_wconf 89' lang='lat' dir='ltr'>Perseo</span> <span class='ocrx_word' id='word_1_41' title='bbox 810 964 956 1039; x_wconf 89' lang='lat' dir='ltr'>peterent</span> <span class='ocrx_word' id='word_1_42' title='bbox 983 955 1102 1040; x_wconf 91' lang='lat' dir='ltr'>primo,</span> <span class='ocrx_word' id='word_1_43' title='bbox 1128 971 1164 1024; x_wconf 88' lang='lat' dir='ltr'>ut</span> <span class='ocrx_word' id='word_1_44' title='bbox 1187 973 1324 1028; x_wconf 89' lang='lat' dir='ltr'>armatos</span> 
     </span>
     <span class='ocr_line' id='line_1_6' title="bbox 300 1048 1324 1136; baseline 0.002 -18"><span class='ocrx_word' id='word_1_45' title='bbox 300 1074 423 1136; x_wconf 88' lang='lat' dir='ltr'>suaque</span> <span class='ocrx_word' id='word_1_46' title='bbox 447 1072 556 1115; x_wconf 90' lang='lat' dir='ltr'>secum</span> <span class='ocrx_word' id='word_1_47' title='bbox 580 1048 712 1117; x_wconf 86' lang='lat' dir='ltr'>ferentis</span> <span class='ocrx_word' id='word_1_48' title='bbox 735 1049 823 1114; x_wconf 85' lang='lat' dir='ltr'>abire</span> <span class='ocrx_word' id='word_1_49' title='bbox 846 1048 978 1126; x_wconf 91' lang='lat' dir='ltr'>sineret,</span> <span class='ocrx_word' id='word_1_50' title='bbox 1004 1050 1093 1128; x_wconf 90' lang='lat' dir='ltr'>dein,</span> <span class='ocrx_word' id='word_1_51' title='bbox 1120 1054 1146 1118; x_wconf 89' lang='lat' dir='ltr'>si</span> <span class='ocrx_word' id='word_1_52' title='bbox 1168 1054 1201 1118; x_wconf 93' lang='lat' dir='ltr'>id</span> <span class='ocrx_word' id='word_1_53' title='bbox 1219 1055 1324 1120; x_wconf 88' lang='lat' dir='ltr'>minus</span> 
     </span>
     <span class='ocr_line' id='line_1_7' title="bbox 299 1143 1429 1232; baseline 0.002 -21"><span class='ocrx_word' id='word_1_54' title='bbox 299 1148 520 1231; x_wconf 77' lang='lat' dir='ltr'>impetrarent,</span> <span class='ocrx_word' id='word_1_55' title='bbox 542 1143 626 1207; x_wconf 89' lang='lat' dir='ltr'>vitae</span> <span class='ocrx_word' id='word_1_56' title='bbox 644 1153 767 1206; x_wconf 85' lang='lat' dir='ltr'>tantum</span> <span class='ocrx_word' id='word_1_57' title='bbox 784 1143 1004 1227; x_wconf 82' lang='lat' dir='ltr'>libertatisque</span> <span class='ocrx_word' id='word_1_58' title='bbox 1022 1144 1119 1210; x_wconf 90' lang='lat' dir='ltr'>fidem</span> <span class='ocrx_word' id='word_1_59' title='bbox 1136 1147 1324 1232; x_wconf 78' lang='lat' dir='ltr'>acciperent.</span> <span class='ocrx_word' id='word_1_60' title='bbox 1422 1179 1429 1192; x_wconf 84' lang='lat'><strong>·</strong></span> 
     </span>
     <span class='ocr_line' id='line_1_8' title="bbox 298 1236 1374 1327; baseline 0.005 -24"><span class='ocrx_word' id='word_1_61' title='bbox 298 1240 492 1325; x_wconf 89' lang='lat' dir='ltr'>promissum</span> <span class='ocrx_word' id='word_1_62' title='bbox 518 1238 552 1302; x_wconf 91' lang='lat' dir='ltr'>id</span> <span class='ocrx_word' id='word_1_63' title='bbox 574 1236 743 1322; x_wconf 81' lang='lat' dir='ltr'>benignius</span> <span class='ocrx_word' id='word_1_64' title='bbox 765 1249 814 1302; x_wconf 89' lang='lat' dir='ltr'>est</span> <span class='ocrx_word' id='word_1_65' title='bbox 840 1239 883 1302; x_wconf 89' lang='lat' dir='ltr'>ab</span> <span class='ocrx_word' id='word_1_66' title='bbox 904 1261 981 1323; x_wconf 88' lang='lat' dir='ltr'>rege</span> <span class='ocrx_word' id='word_1_67' title='bbox 1004 1243 1374 1327; x_wconf 84' lang='lat' dir='ltr'>quampraestitum311</span> 
     </span>
     <span class='ocr_line' id='line_1_9' title="bbox 296 1331 1327 1418; baseline 0.004 -21"><span class='ocrx_word' id='word_1_68' title='bbox 296 1334 387 1398; x_wconf 86' lang='lat' dir='ltr'>exire</span> <span class='ocrx_word' id='word_1_69' title='bbox 408 1333 493 1398; x_wconf 91' lang='lat' dir='ltr'>enim</span> <span class='ocrx_word' id='word_1_70' title='bbox 516 1355 574 1396; x_wconf 89' lang='lat' dir='ltr'>sua</span> <span class='ocrx_word' id='word_1_71' title='bbox 595 1353 705 1397; x_wconf 90' lang='lat' dir='ltr'>secum</span> <span class='ocrx_word' id='word_1_72' title='bbox 728 1331 932 1397; x_wconf 86' lang='lat' dir='ltr'>efferentibus</span> <span class='ocrx_word' id='word_1_73' title='bbox 955 1333 1050 1398; x_wconf 88' lang='lat' dir='ltr'>iussis</span> <span class='ocrx_word' id='word_1_74' title='bbox 1071 1335 1210 1418; x_wconf 91' lang='lat' dir='ltr'>primum</span> <span class='ocrx_word' id='word_1_75' title='bbox 1238 1359 1327 1401; x_wconf 89' lang='lat' dir='ltr'>arma</span> 
     </span>
     <span class='ocr_line' id='line_1_10' title="bbox 298 1426 1326 1515; baseline 0.005 -25"><span class='ocrx_word' id='word_1_76' title='bbox 298 1427 427 1493; x_wconf 91' lang='lat' dir='ltr'>ademit.</span> <span class='ocrx_word' id='word_1_77' title='bbox 454 1426 503 1490; x_wconf 92' lang='lat' dir='ltr'>his</span> <span class='ocrx_word' id='word_1_78' title='bbox 512 1426 592 1491; x_wconf 91' lang='lat' dir='ltr'>urbe</span> <span class='ocrx_word' id='word_1_79' title='bbox 601 1426 738 1511; x_wconf 88' lang='lat' dir='ltr'>egressis</span> <span class='ocrx_word' id='word_1_80' title='bbox 753 1436 786 1490; x_wconf 89' lang='lat' dir='ltr'>et</span> <span class='ocrx_word' id='word_1_81' title='bbox 793 1426 976 1510; x_wconf 86' lang='lat' dir='ltr'>Illyriorum</span> <span class='ocrx_word' id='word_1_82' title='bbox 985 1427 1326 1515; x_wconf 78' lang='lat' dir='ltr'>cohors—quingenti</span> 
     </span>
     <span class='ocr_line' id='line_1_11' title="bbox 296 1516 1182 1602; baseline 0.005 -18"><span class='ocrx_word' id='word_1_83' title='bbox 296 1531 389 1584; x_wconf 89' lang='lat' dir='ltr'>erant</span> <span class='ocrx_word' id='word_1_84' title='bbox 406 1556 450 1566; x_wconf 88' lang='lat'><em>-</em></span> <span class='ocrx_word' id='word_1_85' title='bbox 466 1531 498 1583; x_wconf 89' lang='lat' dir='ltr'>et</span> <span class='ocrx_word' id='word_1_86' title='bbox 514 1516 718 1584; x_wconf 83' lang='lat' dir='ltr'>Uscanenses</span> <span class='ocrx_word' id='word_1_87' title='bbox 736 1541 770 1584; x_wconf 88' lang='lat' dir='ltr'>se</span> <span class='ocrx_word' id='word_1_88' title='bbox 787 1518 965 1602; x_wconf 88' lang='lat' dir='ltr'>urbemque</span> <span class='ocrx_word' id='word_1_89' title='bbox 983 1520 1182 1588; x_wconf 89' lang='lat' dir='ltr'>dediderunt.</span> 
     </span>
    </p>

    <p class='ocr_par' dir='ltr' id='par_1_3' title="bbox 284 1610 1376 4339">
     <span class='ocr_line' id='line_1_12' title="bbox 363 1610 1357 1700; baseline 0.006 -24"><span class='ocrx_word' id='word_1_90' title='bbox 363 1612 514 1678; x_wconf 83' lang='lat' dir='ltr'><strong>XVIIII.</strong></span> <span class='ocrx_word' id='word_1_91' title='bbox 540 1611 678 1678; x_wconf 90' lang='lat' dir='ltr'>Perseus</span> <span class='ocrx_word' id='word_1_92' title='bbox 696 1612 855 1696; x_wconf 86' lang='lat' dir='ltr'>praesidio</span> <span class='ocrx_word' id='word_1_93' title='bbox 863 1610 1014 1679; x_wconf 91' lang='lat' dir='ltr'>Uscanae</span> <span class='ocrx_word' id='word_1_94' title='bbox 1027 1614 1165 1700; x_wconf 86' lang='lat' dir='ltr'>inposito</span> <span class='ocrx_word' id='word_1_95' title='bbox 1183 1619 1325 1684; x_wconf 88' lang='lat' dir='ltr'>multitu·</span> <span class='ocrx_word' id='word_1_96' title='bbox 1344 1637 1357 1682; x_wconf 89' lang='lat'>1</span> 
     </span>
     <span class='ocr_line' id='line_1_13' title="bbox 295 1705 1325 1792; baseline 0.009 -23"><span class='ocrx_word' id='word_1_97' title='bbox 295 1707 405 1771; x_wconf 90' lang='lat' dir='ltr'>dinem</span> <span class='ocrx_word' id='word_1_98' title='bbox 422 1729 550 1771; x_wconf 91' lang='lat' dir='ltr'>omnem</span> <span class='ocrx_word' id='word_1_99' title='bbox 568 1705 758 1783; x_wconf 90' lang='lat' dir='ltr'>deditorum,</span> <span class='ocrx_word' id='word_1_100' title='bbox 776 1728 861 1790; x_wconf 86' lang='lat' dir='ltr'>quae</span> <span class='ocrx_word' id='word_1_101' title='bbox 879 1728 979 1792; x_wconf 87' lang='lat' dir='ltr'>prope</span> <span class='ocrx_word' id='word_1_102' title='bbox 996 1731 1131 1775; x_wconf 91' lang='lat' dir='ltr'>numero</span> <span class='ocrx_word' id='word_1_103' title='bbox 1150 1712 1325 1778; x_wconf 81' lang='lat' dir='ltr'>exercitum</span> 
     </span>
     <span class='ocr_line' id='line_1_14' title="bbox 297 1800 1358 1891; baseline 0.005 -27"><span class='ocrx_word' id='word_1_104' title='bbox 297 1802 471 1885; x_wconf 84' lang='lat' dir='ltr'>aequabat,</span> <span class='ocrx_word' id='word_1_105' title='bbox 496 1800 668 1866; x_wconf 85' lang='lat' dir='ltr'>Stuberam</span> <span class='ocrx_word' id='word_1_106' title='bbox 691 1802 830 1866; x_wconf 88' lang='lat' dir='ltr'>abducit.</span> <span class='ocrx_word' id='word_1_107' title='bbox 866 1802 912 1866; x_wconf 93' lang='lat' dir='ltr'>ibi</span> <span class='ocrx_word' id='word_1_108' title='bbox 933 1802 1087 1870; x_wconf 88' lang='lat' dir='ltr'>Romanis</span> <span class='ocrx_word' id='word_1_109' title='bbox 1109 1842 1154 1854; x_wconf 93' lang='lat'>-·-</span> <span class='ocrx_word' id='word_1_110' title='bbox 1175 1818 1325 1891; x_wconf 89' lang='lat' dir='ltr'>quattuor</span> <span class='ocrx_word' id='word_1_111' title='bbox 1343 1822 1358 1869; x_wconf 81' lang='lat'><strong>2</strong></span> 
     </span>
     <span class='ocr_line' id='line_1_15' title="bbox 297 1894 1325 1985; baseline 0.007 -27"><span class='ocrx_word' id='word_1_112' title='bbox 297 1894 386 1958; x_wconf 88' lang='lat' dir='ltr'>milia</span> <span class='ocrx_word' id='word_1_113' title='bbox 408 1905 515 1959; x_wconf 87' lang='lat' dir='ltr'>autem</span> <span class='ocrx_word' id='word_1_114' title='bbox 537 1895 702 1959; x_wconf 91' lang='lat' dir='ltr'>hominum</span> <span class='ocrx_word' id='word_1_115' title='bbox 725 1907 814 1959; x_wconf 89' lang='lat' dir='ltr'>erant</span> <span class='ocrx_word' id='word_1_116' title='bbox 830 1931 876 1941; x_wconf 92' lang='lat'>—-</span> <span class='ocrx_word' id='word_1_117' title='bbox 892 1907 1018 1980; x_wconf 89' lang='lat' dir='ltr'>praeter</span> <span class='ocrx_word' id='word_1_118' title='bbox 1040 1898 1200 1985; x_wconf 85' lang='lat' dir='ltr'>principes</span> <span class='ocrx_word' id='word_1_119' title='bbox 1216 1900 1251 1965; x_wconf 89' lang='lat' dir='ltr'>in</span> <span class='ocrx_word' id='word_1_120' title='bbox 1269 1922 1325 1965; x_wconf 90' lang='lat' dir='ltr'>cu·</span> 
     </span>
     <span class='ocr_line' id='line_1_16' title="bbox 296 1987 1324 2076; baseline 0.007 -25"><span class='ocrx_word' id='word_1_121' title='bbox 296 1988 436 2051; x_wconf 87' lang='lat' dir='ltr'>stodiam</span> <span class='ocrx_word' id='word_1_122' title='bbox 453 1988 618 2051; x_wconf 83' lang='lat' dir='ltr'>civitatum</span> <span class='ocrx_word' id='word_1_123' title='bbox 636 1988 757 2065; x_wconf 88' lang='lat' dir='ltr'>divisis,</span> <span class='ocrx_word' id='word_1_124' title='bbox 774 1987 1016 2054; x_wconf 88' lang='lat' dir='ltr'>Uscanensibus</span> <span class='ocrx_word' id='word_1_125' title='bbox 1025 1991 1196 2076; x_wconf 82' lang='lat' dir='ltr'>Illyrisque</span> <span class='ocrx_word' id='word_1_126' title='bbox 1214 1995 1324 2057; x_wconf 87' lang='lat' dir='ltr'>vendi·</span> 
     </span>
     <span class='ocr_line' id='line_1_17' title="bbox 296 2080 1325 2169; baseline 0.006 -25"><span class='ocrx_word' id='word_1_127' title='bbox 296 2082 338 2145; x_wconf 82' lang='lat' dir='ltr'>tis</span> <span class='ocrx_word' id='word_1_128' title='bbox 351 2081 386 2144; x_wconf 92' lang='lat' dir='ltr'>in</span> <span class='ocrx_word' id='word_1_129' title='bbox 394 2080 580 2144; x_wconf 90' lang='lat' dir='ltr'>Penestiam</span> <span class='ocrx_word' id='word_1_130' title='bbox 590 2081 764 2145; x_wconf 91' lang='lat' dir='ltr'>exercitum</span> <span class='ocrx_word' id='word_1_131' title='bbox 776 2081 922 2145; x_wconf 87' lang='lat' dir='ltr'>redducit</span> <span class='ocrx_word' id='word_1_132' title='bbox 936 2083 978 2146; x_wconf 91' lang='lat' dir='ltr'>ad</span> <span class='ocrx_word' id='word_1_133' title='bbox 987 2081 1157 2148; x_wconf 86' lang='lat' dir='ltr'>anneum</span> <span class='ocrx_word' id='word_1_134' title='bbox 1171 2086 1325 2169; x_wconf 93' lang='lat' dir='ltr'>oppidum</span> 
     </span>
     <span class='ocr_line' id='line_1_18' title="bbox 297 2173 1358 2260; baseline 0.002 -23"><span class='ocrx_word' id='word_1_135' title='bbox 297 2176 333 2238; x_wconf 89' lang='lat' dir='ltr'>in</span> <span class='ocrx_word' id='word_1_136' title='bbox 350 2185 540 2259; x_wconf 88' lang='lat' dir='ltr'>potestatem</span> <span class='ocrx_word' id='word_1_137' title='bbox 554 2173 778 2259; x_wconf 85' lang='lat' dir='ltr'>redigendum3</span> <span class='ocrx_word' id='word_1_138' title='bbox 796 2185 828 2238; x_wconf 88' lang='lat' dir='ltr'>et</span> <span class='ocrx_word' id='word_1_139' title='bbox 842 2175 961 2256; x_wconf 89' lang='lat' dir='ltr'>alioqui</span> <span class='ocrx_word' id='word_1_140' title='bbox 973 2186 1151 2260; x_wconf 86' lang='lat' dir='ltr'>opportune</span> <span class='ocrx_word' id='word_1_141' title='bbox 1169 2177 1275 2254; x_wconf 88' lang='lat' dir='ltr'>situm,</span> <span class='ocrx_word' id='word_1_142' title='bbox 1294 2189 1325 2241; x_wconf 86' lang='lat' dir='ltr'>et</span> <span class='ocrx_word' id='word_1_143' title='bbox 1343 2193 1358 2239; x_wconf 81' lang='lat' dir='ltr'>a</span> 
     </span>
     <span class='ocr_line' id='line_1_19' title="bbox 295 2265 1359 2354; baseline 0.001 -22"><span class='ocrx_word' id='word_1_144' title='bbox 295 2269 448 2333; x_wconf 88' lang='lat' dir='ltr'>transitus</span> <span class='ocrx_word' id='word_1_145' title='bbox 466 2291 505 2333; x_wconf 89' lang='lat' dir='ltr'>ea</span> <span class='ocrx_word' id='word_1_146' title='bbox 522 2268 621 2332; x_wconf 86' lang='lat' dir='ltr'>estin</span> <span class='ocrx_word' id='word_1_147' title='bbox 631 2267 803 2344; x_wconf 86' lang='lat' dir='ltr'>Labeates,</span> <span class='ocrx_word' id='word_1_148' title='bbox 820 2267 878 2331; x_wconf 92' lang='lat' dir='ltr'>ubi</span> <span class='ocrx_word' id='word_1_149' title='bbox 887 2265 1025 2333; x_wconf 82' lang='lat' dir='ltr'>Gentius</span> <span class='ocrx_word' id='word_1_150' title='bbox 1042 2268 1207 2354; x_wconf 84' lang='lat' dir='ltr'>regnabat</span> <span class='ocrx_word' id='word_1_151' title='bbox 1234 2292 1326 2354; x_wconf 88' lang='lat' dir='ltr'>prae-</span> <span class='ocrx_word' id='word_1_152' title='bbox 1343 2287 1359 2333; x_wconf 87' lang='grc'>4</span> 
     </span>
     <span class='ocr_line' id='line_1_20' title="bbox 296 2361 1326 2451; baseline 0.004 -26"><span class='ocrx_word' id='word_1_153' title='bbox 296 2363 434 2428; x_wconf 79' lang='lat' dir='ltr'>tereunti</span> <span class='ocrx_word' id='word_1_154' title='bbox 451 2364 601 2447; x_wconf 84' lang='lat' dir='ltr'>frequens</span> <span class='ocrx_word' id='word_1_155' title='bbox 619 2362 799 2439; x_wconf 90' lang='lat' dir='ltr'>castellum,</span> <span class='ocrx_word' id='word_1_156' title='bbox 817 2361 1027 2427; x_wconf 87' lang='lat' dir='ltr'>Draudacum</span> <span class='ocrx_word' id='word_1_157' title='bbox 1043 2364 1186 2440; x_wconf 89' lang='lat' dir='ltr'>nomine,</span> <span class='ocrx_word' id='word_1_158' title='bbox 1208 2364 1326 2451; x_wconf 88' lang='lat' dir='ltr'>perito-</span> 
     </span>
     <span class='ocr_line' id='line_1_21' title="bbox 295 2454 1325 2545; baseline 0.006 -26"><span class='ocrx_word' id='word_1_159' title='bbox 295 2479 369 2522; x_wconf 87' lang='lat' dir='ltr'>rum</span> <span class='ocrx_word' id='word_1_160' title='bbox 391 2457 523 2539; x_wconf 89' lang='lat' dir='ltr'>quidam</span> <span class='ocrx_word' id='word_1_161' title='bbox 544 2456 682 2542; x_wconf 81' lang='lat' dir='ltr'>regionis</span> <span class='ocrx_word' id='word_1_162' title='bbox 705 2457 773 2521; x_wconf 89' lang='lat' dir='ltr'>eius</span> <span class='ocrx_word' id='word_1_163' title='bbox 796 2456 875 2521; x_wconf 90' lang='lat' dir='ltr'>nihil</span> <span class='ocrx_word' id='word_1_164' title='bbox 893 2454 1026 2523; x_wconf 90' lang='lat' dir='ltr'>anneo</span> <span class='ocrx_word' id='word_1_165' title='bbox 1045 2469 1137 2545; x_wconf 90' lang='lat' dir='ltr'>capto</span> <span class='ocrx_word' id='word_1_166' title='bbox 1155 2480 1237 2544; x_wconf 90' lang='lat' dir='ltr'>opus</span> <span class='ocrx_word' id='word_1_167' title='bbox 1255 2481 1325 2525; x_wconf 89' lang='lat' dir='ltr'>esse</span> 
     </span>
     <span class='ocr_line' id='line_1_22' title="bbox 297 2549 1325 2637; baseline -0.002 -20"><span class='ocrx_word' id='word_1_168' title='bbox 297 2554 353 2627; x_wconf 89' lang='lat' dir='ltr'>ait,</span> <span class='ocrx_word' id='word_1_169' title='bbox 369 2552 432 2613; x_wconf 91' lang='lat' dir='ltr'>nisi</span> <span class='ocrx_word' id='word_1_170' title='bbox 448 2551 482 2613; x_wconf 90' lang='lat' dir='ltr'>in</span> <span class='ocrx_word' id='word_1_171' title='bbox 494 2560 652 2633; x_wconf 85' lang='lat' dir='ltr'>potestate</span> <span class='ocrx_word' id='word_1_172' title='bbox 665 2561 698 2613; x_wconf 89' lang='lat' dir='ltr'>et</span> <span class='ocrx_word' id='word_1_173' title='bbox 706 2549 917 2614; x_wconf 87' lang='lat' dir='ltr'>Draudacum</span> <span class='ocrx_word' id='word_1_174' title='bbox 931 2551 985 2615; x_wconf 88' lang='lat' dir='ltr'>sit:</span> <span class='ocrx_word' id='word_1_175' title='bbox 1003 2553 1213 2637; x_wconf 88' lang='lat' dir='ltr'>opportunius</span> <span class='ocrx_word' id='word_1_176' title='bbox 1229 2554 1325 2617; x_wconf 90' lang='lat' dir='ltr'>etiam</span> 
     </span>
     <span class='ocr_line' id='line_1_23' title="bbox 296 2642 1357 2727; baseline -0.002 -18"><span class='ocrx_word' id='word_1_177' title='bbox 296 2647 340 2709; x_wconf 87' lang='lat' dir='ltr'>ad</span> <span class='ocrx_word' id='word_1_178' title='bbox 358 2643 465 2707; x_wconf 90' lang='lat' dir='ltr'>omnia</span> <span class='ocrx_word' id='word_1_179' title='bbox 488 2642 627 2727; x_wconf 89' lang='lat' dir='ltr'>positum</span> <span class='ocrx_word' id='word_1_180' title='bbox 645 2664 725 2706; x_wconf 88' lang='lat' dir='ltr'>esse.</span> <span class='ocrx_word' id='word_1_181' title='bbox 770 2642 898 2705; x_wconf 88' lang='lat' dir='ltr'>admoto</span> <span class='ocrx_word' id='word_1_182' title='bbox 917 2645 1058 2708; x_wconf 86' lang='lat' dir='ltr'>exercitu</span> <span class='ocrx_word' id='word_1_183' title='bbox 1076 2665 1186 2709; x_wconf 90' lang='lat' dir='ltr'>omnes</span> <span class='ocrx_word' id='word_1_184' title='bbox 1204 2656 1325 2711; x_wconf 89' lang='lat' dir='ltr'>extem·</span> <span class='ocrx_word' id='word_1_185' title='bbox 1343 2663 1357 2707; x_wconf 80' lang='lat'><strong><em>5</em></strong></span> 
     </span>
     <span class='ocr_line' id='line_1_24' title="bbox 295 2736 1325 2825; baseline -0.002 -23"><span class='ocrx_word' id='word_1_186' title='bbox 295 2740 351 2825; x_wconf 92' lang='lat' dir='ltr'>plo</span> <span class='ocrx_word' id='word_1_187' title='bbox 370 2737 560 2802; x_wconf 88' lang='lat' dir='ltr'>dediderunt</span> <span class='ocrx_word' id='word_1_188' title='bbox 577 2757 657 2800; x_wconf 86' lang='lat' dir='ltr'>sese.</span> <span class='ocrx_word' id='word_1_189' title='bbox 689 2757 754 2818; x_wconf 92' lang='lat' dir='ltr'>qua</span> <span class='ocrx_word' id='word_1_190' title='bbox 771 2757 829 2819; x_wconf 91' lang='lat' dir='ltr'>spe</span> <span class='ocrx_word' id='word_1_191' title='bbox 846 2736 995 2801; x_wconf 86' lang='lat' dir='ltr'>celeriore</span> <span class='ocrx_word' id='word_1_192' title='bbox 1014 2737 1173 2801; x_wconf 90' lang='lat' dir='ltr'>deditione</span> <span class='ocrx_word' id='word_1_193' title='bbox 1191 2749 1325 2812; x_wconf 88' lang='lat' dir='ltr'>erectus,</span> 
     </span>
     <span class='ocr_line' id='line_1_25' title="bbox 294 2830 1325 2919; baseline -0.003 -23"><span class='ocrx_word' id='word_1_194' title='bbox 294 2843 469 2919; x_wconf 87' lang='lat' dir='ltr'>postquam</span> <span class='ocrx_word' id='word_1_195' title='bbox 486 2830 720 2903; x_wconf 87' lang='lat' dir='ltr'>animadvertit,</span> <span class='ocrx_word' id='word_1_196' title='bbox 739 2840 878 2912; x_wconf 88' lang='lat' dir='ltr'>quantus</span> <span class='ocrx_word' id='word_1_197' title='bbox 896 2830 1032 2914; x_wconf 89' lang='lat' dir='ltr'>agminis</span> <span class='ocrx_word' id='word_1_198' title='bbox 1051 2830 1100 2895; x_wconf 90' lang='lat' dir='ltr'>sui</span> <span class='ocrx_word' id='word_1_199' title='bbox 1118 2840 1219 2895; x_wconf 85' lang='lat' dir='ltr'>terror</span> <span class='ocrx_word' id='word_1_200' title='bbox 1232 2840 1325 2905; x_wconf 86' lang='lat' dir='ltr'>esset,</span> 
     </span>
     <span class='ocr_line' id='line_1_26' title="bbox 296 2923 1327 3009; baseline -0.003 -17"><span class='ocrx_word' id='word_1_201' title='bbox 296 2926 447 2992; x_wconf 85' lang='lat' dir='ltr'>undecim</span> <span class='ocrx_word' id='word_1_202' title='bbox 469 2924 533 2989; x_wconf 85' lang='lat' dir='ltr'>alia</span> <span class='ocrx_word' id='word_1_203' title='bbox 559 2924 691 2988; x_wconf 85' lang='lat' dir='ltr'>castella</span> <span class='ocrx_word' id='word_1_204' title='bbox 718 2923 830 2989; x_wconf 90' lang='lat' dir='ltr'>eodem</span> <span class='ocrx_word' id='word_1_205' title='bbox 856 2934 948 2990; x_wconf 90' lang='lat' dir='ltr'>metu</span> <span class='ocrx_word' id='word_1_206' title='bbox 965 2924 999 2989; x_wconf 92' lang='lat' dir='ltr'>in</span> <span class='ocrx_word' id='word_1_207' title='bbox 1027 2936 1217 3009; x_wconf 83' lang='lat' dir='ltr'>potestatem</span> <span class='ocrx_word' id='word_1_208' title='bbox 1243 2924 1327 2989; x_wconf 89' lang='lat' dir='ltr'>redi·</span> 
     </span>
     <span class='ocr_line' id='line_1_27' title="bbox 295 3018 1357 3109; baseline -0.002 -24"><span class='ocrx_word' id='word_1_209' title='bbox 295 3023 355 3109; x_wconf 84' lang='lat' dir='ltr'>git.</span> <span class='ocrx_word' id='word_1_210' title='bbox 391 3020 432 3086; x_wconf 92' lang='lat' dir='ltr'>ad</span> <span class='ocrx_word' id='word_1_211' title='bbox 454 3041 617 3105; x_wconf 89' lang='lat' dir='ltr'>perpauca</span> <span class='ocrx_word' id='word_1_212' title='bbox 639 3018 672 3081; x_wconf 87' lang='lat' dir='ltr'>vi</span> <span class='ocrx_word' id='word_1_213' title='bbox 690 3040 770 3103; x_wconf 87' lang='lat' dir='ltr'>opus</span> <span class='ocrx_word' id='word_1_214' title='bbox 787 3018 863 3095; x_wconf 81' lang='lat' dir='ltr'>finit,</span> <span class='ocrx_word' id='word_1_215' title='bbox 887 3030 993 3084; x_wconf 88' lang='lat' dir='ltr'>cetera</span> <span class='ocrx_word' id='word_1_216' title='bbox 1020 3020 1183 3085; x_wconf 85' lang='lat' dir='ltr'>voluntate</span> <span class='ocrx_word' id='word_1_217' title='bbox 1201 3018 1357 3095; x_wconf 79' lang='lat' dir='ltr'>dedita36</span> 
     </span>
     <span class='ocr_line' id='line_1_28' title="bbox 294 3112 1327 3199; baseline -0.003 -19"><span class='ocrx_word' id='word_1_218' title='bbox 294 3127 329 3181; x_wconf 88' lang='lat' dir='ltr'>et</span> <span class='ocrx_word' id='word_1_219' title='bbox 351 3117 385 3179; x_wconf 92' lang='lat' dir='ltr'>in</span> <span class='ocrx_word' id='word_1_220' title='bbox 406 3115 456 3178; x_wconf 90' lang='lat' dir='ltr'>his</span> <span class='ocrx_word' id='word_1_221' title='bbox 478 3113 598 3199; x_wconf 88' lang='lat' dir='ltr'>recepti</span> <span class='ocrx_word' id='word_1_222' title='bbox 621 3112 707 3176; x_wconf 88' lang='lat' dir='ltr'>mille</span> <span class='ocrx_word' id='word_1_223' title='bbox 730 3124 762 3177; x_wconf 89' lang='lat' dir='ltr'>et</span> <span class='ocrx_word' id='word_1_224' title='bbox 788 3113 956 3198; x_wconf 84' lang='lat' dir='ltr'>quingenti</span> <span class='ocrx_word' id='word_1_225' title='bbox 983 3113 1126 3197; x_wconf 87' lang='lat' dir='ltr'>dispositi</span> <span class='ocrx_word' id='word_1_226' title='bbox 1151 3135 1208 3199; x_wconf 92' lang='lat' dir='ltr'>per</span> <span class='ocrx_word' id='word_1_227' title='bbox 1234 3136 1327 3197; x_wconf 88' lang='lat' dir='ltr'>prae-</span> 
     </span>
     <span class='ocr_line' id='line_1_29' title="bbox 298 3206 1357 3293; baseline -0.006 -18"><span class='ocrx_word' id='word_1_228' title='bbox 298 3210 379 3275; x_wconf 87' lang='lat' dir='ltr'>sidia</span> <span class='ocrx_word' id='word_1_229' title='bbox 402 3209 518 3273; x_wconf 90' lang='lat' dir='ltr'>milites</span> <span class='ocrx_word' id='word_1_230' title='bbox 536 3207 683 3273; x_wconf 84' lang='lat' dir='ltr'>Romani.</span> <span class='ocrx_word' id='word_1_231' title='bbox 727 3229 846 3293; x_wconf 90' lang='lat' dir='ltr'>magno</span> <span class='ocrx_word' id='word_1_232' title='bbox 865 3208 937 3272; x_wconf 88' lang='lat' dir='ltr'>usui</span> <span class='ocrx_word' id='word_1_233' title='bbox 956 3206 1117 3272; x_wconf 86' lang='lat' dir='ltr'>Carvilius</span> <span class='ocrx_word' id='word_1_234' title='bbox 1141 3206 1325 3292; x_wconf 88' lang='lat' dir='ltr'>Spoletinus</span> <span class='ocrx_word' id='word_1_235' title='bbox 1345 3226 1357 3270; x_wconf 79' lang='lat' dir='ltr'>r</span> 
     </span>
     <span class='ocr_line' id='line_1_30' title="bbox 296 3301 1327 3389; baseline -0.004 -21"><span class='ocrx_word' id='word_1_236' title='bbox 296 3316 368 3369; x_wconf 90' lang='lat' dir='ltr'>erat</span> <span class='ocrx_word' id='word_1_237' title='bbox 389 3302 617 3389; x_wconf 88' lang='lat' dir='ltr'>inconloquiis</span> <span class='ocrx_word' id='word_1_238' title='bbox 635 3301 784 3378; x_wconf 92' lang='lat' dir='ltr'>dicendo,</span> <span class='ocrx_word' id='word_1_239' title='bbox 811 3301 891 3365; x_wconf 92' lang='lat' dir='ltr'>nihil</span> <span class='ocrx_word' id='word_1_240' title='bbox 913 3301 947 3365; x_wconf 92' lang='lat' dir='ltr'>in</span> <span class='ocrx_word' id='word_1_241' title='bbox 968 3302 1054 3387; x_wconf 91' lang='lat' dir='ltr'>ipsos</span> <span class='ocrx_word' id='word_1_242' title='bbox 1074 3302 1240 3366; x_wconf 89' lang='lat' dir='ltr'>saevitum.</span> <span class='ocrx_word' id='word_1_243' title='bbox 1285 3301 1327 3365; x_wconf 90' lang='lat' dir='ltr'>ad</span> 
     </span>
     <span class='ocr_line' id='line_1_31' title="bbox 298 3396 1327 3483; baseline -0.007 -18"><span class='ocrx_word' id='word_1_244' title='bbox 298 3398 470 3465; x_wconf 90' lang='lat' dir='ltr'>anneum</span> <span class='ocrx_word' id='word_1_245' title='bbox 490 3409 679 3483; x_wconf 89' lang='lat' dir='ltr'>perventum</span> <span class='ocrx_word' id='word_1_246' title='bbox 702 3408 765 3472; x_wconf 85' lang='lat' dir='ltr'>est,</span> <span class='ocrx_word' id='word_1_247' title='bbox 789 3397 876 3479; x_wconf 91' lang='lat' dir='ltr'>quod</span> <span class='ocrx_word' id='word_1_248' title='bbox 898 3397 966 3477; x_wconf 84' lang='lat' dir='ltr'>sine</span> <span class='ocrx_word' id='word_1_249' title='bbox 987 3397 1072 3461; x_wconf 89' lang='lat' dir='ltr'>iusta</span> <span class='ocrx_word' id='word_1_250' title='bbox 1090 3396 1327 3481; x_wconf 88' lang='lat' dir='ltr'>oppugnatione</span> 
     </span>
     <span class='ocr_line' id='line_1_32' title="bbox 299 3489 1328 3580; baseline -0.009 -20"><span class='ocrx_word' id='word_1_251' title='bbox 299 3496 372 3580; x_wconf 88' lang='lat' dir='ltr'>capi</span> <span class='ocrx_word' id='word_1_252' title='bbox 388 3517 454 3559; x_wconf 91' lang='lat' dir='ltr'>non</span> <span class='ocrx_word' id='word_1_253' title='bbox 475 3502 609 3579; x_wconf 86' lang='lat' dir='ltr'>poterat.</span> <span class='ocrx_word' id='word_1_254' title='bbox 653 3500 686 3553; x_wconf 90' lang='lat' dir='ltr'>et</span> <span class='ocrx_word' id='word_1_255' title='bbox 707 3490 826 3554; x_wconf 90' lang='lat' dir='ltr'>maiore</span> <span class='ocrx_word' id='word_1_256' title='bbox 850 3491 1011 3573; x_wconf 87' lang='lat' dir='ltr'>aliquanto</span> <span class='ocrx_word' id='word_1_257' title='bbox 1035 3512 1131 3572; x_wconf 88' lang='lat' dir='ltr'>quam</span> <span class='ocrx_word' id='word_1_258' title='bbox 1151 3500 1257 3553; x_wconf 90' lang='lat' dir='ltr'>cetera</span> <span class='ocrx_word' id='word_1_259' title='bbox 1277 3489 1328 3551; x_wconf 90' lang='lat' dir='ltr'>iu-</span> 
     </span>
     <span class='ocr_line' id='line_1_33' title="bbox 301 3579 1358 3667; baseline -0.011 -12"><span class='ocrx_word' id='word_1_260' title='bbox 301 3600 431 3654; x_wconf 89' lang='lat' dir='ltr'>ventute</span> <span class='ocrx_word' id='word_1_261' title='bbox 449 3600 481 3654; x_wconf 89' lang='lat' dir='ltr'>et</span> <span class='ocrx_word' id='word_1_262' title='bbox 498 3586 639 3651; x_wconf 89' lang='lat' dir='ltr'>validum</span> <span class='ocrx_word' id='word_1_263' title='bbox 653 3584 806 3667; x_wconf 90' lang='lat' dir='ltr'>oppidum</span> <span class='ocrx_word' id='word_1_264' title='bbox 819 3583 986 3647; x_wconf 88' lang='lat' dir='ltr'>moenibus</span> <span class='ocrx_word' id='word_1_265' title='bbox 1002 3593 1069 3647; x_wconf 87' lang='lat' dir='ltr'>erat</span> <span class='ocrx_word' id='word_1_266' title='bbox 1082 3593 1114 3645; x_wconf 91' lang='lat' dir='ltr'>et</span> <span class='ocrx_word' id='word_1_267' title='bbox 1131 3582 1205 3644; x_wconf 90' lang='lat' dir='ltr'>hinc</span> <span class='ocrx_word' id='word_1_268' title='bbox 1223 3579 1324 3643; x_wconf 90' lang='lat' dir='ltr'>amnis</span> <span class='ocrx_word' id='word_1_269' title='bbox 1343 3596 1358 3643; x_wconf 86' lang='lat'>8</span> 
     </span>
     <span class='ocr_line' id='line_1_34' title="bbox 299 3672 1325 3761; baseline -0.014 -12"><span class='ocrx_word' id='word_1_270' title='bbox 299 3684 435 3748; x_wconf 79' lang='lat' dir='ltr'>Artatus</span> <span class='ocrx_word' id='word_1_271' title='bbox 456 3682 599 3755; x_wconf 88' lang='lat' dir='ltr'>nomine,</span> <span class='ocrx_word' id='word_1_272' title='bbox 625 3677 699 3740; x_wconf 89' lang='lat' dir='ltr'>hinc</span> <span class='ocrx_word' id='word_1_273' title='bbox 721 3698 813 3739; x_wconf 87' lang='lat' dir='ltr'>mons</span> <span class='ocrx_word' id='word_1_274' title='bbox 839 3676 1000 3761; x_wconf 87' lang='lat' dir='ltr'>praealtus</span> <span class='ocrx_word' id='word_1_275' title='bbox 1023 3685 1055 3739; x_wconf 92' lang='lat' dir='ltr'>et</span> <span class='ocrx_word' id='word_1_276' title='bbox 1078 3674 1166 3737; x_wconf 93' lang='lat' dir='ltr'>aditu</span> <span class='ocrx_word' id='word_1_277' title='bbox 1189 3672 1325 3736; x_wconf 84' lang='lat' dir='ltr'>difficilis</span> 
     </span>
     <span class='ocr_line' id='line_1_35' title="bbox 298 3767 1326 3864; baseline -0.012 -21"><span class='ocrx_word' id='word_1_278' title='bbox 298 3777 459 3864; x_wconf 87' lang='lat' dir='ltr'>cingebat.</span> <span class='ocrx_word' id='word_1_279' title='bbox 503 3776 582 3840; x_wconf 89' lang='lat' dir='ltr'>haec</span> <span class='ocrx_word' id='word_1_280' title='bbox 605 3795 695 3857; x_wconf 87' lang='lat' dir='ltr'>spem</span> <span class='ocrx_word' id='word_1_281' title='bbox 718 3770 759 3835; x_wconf 93' lang='lat' dir='ltr'>ad</span> <span class='ocrx_word' id='word_1_282' title='bbox 781 3769 994 3835; x_wconf 83' lang='lat' dir='ltr'>resistendum</span> <span class='ocrx_word' id='word_1_283' title='bbox 1011 3767 1179 3855; x_wconf 89' lang='lat' dir='ltr'>oppidanis</span> <span class='ocrx_word' id='word_1_284' title='bbox 1198 3767 1326 3831; x_wconf 89' lang='lat' dir='ltr'>dabant.</span> 
     </span>
     <span class='ocr_line' id='line_1_36' title="bbox 298 3859 1359 3950; baseline -0.01 -12"><span class='ocrx_word' id='word_1_285' title='bbox 298 3871 439 3938; x_wconf 89' lang='lat' dir='ltr'>Perseus</span> <span class='ocrx_word' id='word_1_286' title='bbox 458 3869 695 3935; x_wconf 88' lang='lat' dir='ltr'>circumvallato</span> <span class='ocrx_word' id='word_1_287' title='bbox 714 3865 831 3950; x_wconf 91' lang='lat' dir='ltr'>oppido</span> <span class='ocrx_word' id='word_1_288' title='bbox 850 3886 1002 3950; x_wconf 88' lang='lat' dir='ltr'>aggerem</span> <span class='ocrx_word' id='word_1_289' title='bbox 1020 3887 1040 3929; x_wconf 91' lang='lat' dir='ltr'>a</span> <span class='ocrx_word' id='word_1_290' title='bbox 1056 3873 1146 3950; x_wconf 87' lang='lat' dir='ltr'>parte</span> <span class='ocrx_word' id='word_1_291' title='bbox 1166 3859 1325 3946; x_wconf 88' lang='lat' dir='ltr'>superiore</span> <span class='ocrx_word' id='word_1_292' title='bbox 1345 3880 1359 3927; x_wconf 90' lang='lat'><strong>9</strong></span> 
     </span>
     <span class='ocr_line' id='line_1_37' title="bbox 284 3957 1376 4043; baseline -0.009 -11"><span class='ocrx_word' id='word_1_293' title='bbox 284 3967 417 4031; x_wconf 85' lang='lat' dir='ltr'>¹ducere</span> <span class='ocrx_word' id='word_1_294' title='bbox 434 3964 584 4039; x_wconf 88' lang='lat' dir='ltr'>instituit,</span> <span class='ocrx_word' id='word_1_295' title='bbox 602 3961 693 4026; x_wconf 89' lang='lat' dir='ltr'>cuius</span> <span class='ocrx_word' id='word_1_296' title='bbox 712 3959 877 4024; x_wconf 88' lang='lat' dir='ltr'>altitudine</span> <span class='ocrx_word' id='word_1_297' title='bbox 894 3981 1003 4024; x_wconf 87' lang='lat' dir='ltr'>muros</span> <span class='ocrx_word' id='word_1_298' title='bbox 1022 3967 1195 4043; x_wconf 85' lang='lat' dir='ltr'>superaret.</span> <span class='ocrx_word' id='word_1_299' title='bbox 1239 3957 1325 4041; x_wconf 92' lang='lat' dir='ltr'>quod</span> <span class='ocrx_word' id='word_1_300' title='bbox 1346 3975 1376 4022; x_wconf 84' lang='lat'>10</span> 
     </span>
     <span class='ocr_line' id='line_1_38' title="bbox 298 4050 1327 4147; baseline -0.011 -22"><span class='ocrx_word' id='word_1_301' title='bbox 298 4082 381 4147; x_wconf 90' lang='lat' dir='ltr'>opus</span> <span class='ocrx_word' id='word_1_302' title='bbox 400 4059 477 4123; x_wconf 89' lang='lat' dir='ltr'>dum</span> <span class='ocrx_word' id='word_1_303' title='bbox 494 4057 670 4143; x_wconf 86' lang='lat' dir='ltr'>perficitur,</span> <span class='ocrx_word' id='word_1_304' title='bbox 689 4054 807 4120; x_wconf 88' lang='lat' dir='ltr'>crebris</span> <span class='ocrx_word' id='word_1_305' title='bbox 825 4053 953 4119; x_wconf 89' lang='lat' dir='ltr'>interim</span> <span class='ocrx_word' id='word_1_306' title='bbox 970 4051 1114 4137; x_wconf 90' lang='lat' dir='ltr'>proeliis,</span> <span class='ocrx_word' id='word_1_307' title='bbox 1136 4050 1253 4133; x_wconf 88' lang='lat' dir='ltr'>quibus</span> <span class='ocrx_word' id='word_1_308' title='bbox 1270 4072 1327 4135; x_wconf 89' lang='lat' dir='ltr'>per</span> 
     </span>
     <span class='ocr_line' id='line_1_39' title="bbox 300 4150 1327 4237; baseline -0.009 -16"><span class='ocrx_word' id='word_1_309' title='bbox 300 4155 504 4221; x_wconf 87' lang='lat' dir='ltr'>excursiones</span> <span class='ocrx_word' id='word_1_310' title='bbox 515 4166 547 4219; x_wconf 90' lang='lat' dir='ltr'>et</span> <span class='ocrx_word' id='word_1_311' title='bbox 561 4153 686 4218; x_wconf 89' lang='lat' dir='ltr'>moenia</span> <span class='ocrx_word' id='word_1_312' title='bbox 695 4176 754 4217; x_wconf 89' lang='lat' dir='ltr'>sua</span> <span class='ocrx_word' id='word_1_313' title='bbox 761 4151 915 4237; x_wconf 89' lang='lat' dir='ltr'>oppidani</span> <span class='ocrx_word' id='word_1_314' title='bbox 929 4151 1116 4215; x_wconf 86' lang='lat' dir='ltr'>tutabantur</span> <span class='ocrx_word' id='word_1_315' title='bbox 1124 4161 1156 4214; x_wconf 91' lang='lat' dir='ltr'>et</span> <span class='ocrx_word' id='word_1_316' title='bbox 1164 4171 1261 4234; x_wconf 91' lang='lat' dir='ltr'>opera</span> <span class='ocrx_word' id='word_1_317' title='bbox 1270 4150 1327 4214; x_wconf 92' lang='lat' dir='ltr'>ho-</span> 
     </span>
     <span class='ocr_line' id='line_1_40' title="bbox 299 4244 1326 4339; baseline -0.008 -23"><span class='ocrx_word' id='word_1_318' title='bbox 299 4251 400 4316; x_wconf 87' lang='lat' dir='ltr'>stium</span> <span class='ocrx_word' id='word_1_319' title='bbox 412 4249 626 4338; x_wconf 87' lang='lat' dir='ltr'>inpediebant,</span> <span class='ocrx_word' id='word_1_320' title='bbox 645 4267 762 4339; x_wconf 88' lang='lat' dir='ltr'>magna</span> <span class='ocrx_word' id='word_1_321' title='bbox 777 4269 887 4313; x_wconf 87' lang='lat' dir='ltr'>eorum</span> <span class='ocrx_word' id='word_1_322' title='bbox 900 4245 1071 4311; x_wconf 89' lang='lat' dir='ltr'>multitudo</span> <span class='ocrx_word' id='word_1_323' title='bbox 1086 4244 1181 4312; x_wconf 87' lang='lat' dir='ltr'>variis</span> <span class='ocrx_word' id='word_1_324' title='bbox 1200 4244 1326 4309; x_wconf 89' lang='lat' dir='ltr'>casibus</span> 
     </span>
    </p>
   </div>
   <div class='ocr_carea' id='block_1_3' title="bbox 0 0 1696 4975">
    <p class='ocr_par' dir='ltr' id='par_1_4' title="bbox 0 0 1696 4975">
     <span class='ocr_line' id='line_1_41' title="bbox 0 0 1696 4975; baseline 0 0"><span class='ocrx_word' id='word_1_325' title='bbox 0 0 1696 4975; x_wconf 95' lang='lat' dir='ltr'> </span> 
     </span>
    </p>
   </div>
  </div>
 </body>
</html>
