3384 4975
502 551 619 608 amsa
635 550 822 621 xxxxrrn,
840 552 884 607 aa
898 552 940 606 ar.
961 551 1112 621 [sones]
1258 539 1318 604 131

294 707 673 798 Bylazora-Paeoniae
691 706 718 770 is
735 706 825 771 locus
844 717 893 771 est
905 719 1062 772 -castra
1079 730 1216 788 movere,
1233 711 1321 796 prin-

296 806 382 891 cipes
401 805 442 868 ad
460 826 494 868 se
512 797 620 866 venire
638 801 830 884 frequentes.
860 802 1062 887 septuaginta
1080 803 1219 886 quinque
1233 805 1320 868 milia

296 899 337 963 ab
354 898 441 962 Axio
459 895 589 962 flumine
608 905 639 958 et
658 893 769 958 castris
786 897 871 979 regis
890 894 1032 958 aberant.
1072 894 1152 959 haec
1169 898 1319 962 mandata
1338 920 1352 967 9

296 994 338 1056 ad
347 1014 401 1056 eos
415 1013 489 1055 cum
502 987 685 1074 pertulisset
692 987 876 1073 Antigonus
892 989 1133 1072 adiecissetque,
1149 1005 1206 1074 per
1221 1012 1322 1074 quan-

297 1097 364 1149 tam
382 1083 522 1148 omnium
540 1091 763 1167 praeparatam
781 1103 859 1146 cura
876 1081 961 1168 regis
980 1083 1105 1168 copiam
1122 1082 1198 1146 ituri
1218 1083 1322 1148 forent

297 1178 477 1262 quibusque
490 1175 675 1239 muneribus
689 1174 847 1261 principes
863 1175 1067 1240 advenientes
1077 1176 1185 1254 vestis,
1199 1177 1322 1262 argenti

297 1290 514 1354 equorumque
524 1279 714 1354 excepturus
728 1291 786 1334 rex
798 1280 891 1345 esset,
908 1269 947 1334 de
962 1269 1011 1332 his
1021 1270 1151 1352 quidem
1165 1293 1200 1336 se
1216 1291 1322 1334 coram

297 1362 480 1448 cognituros
502 1361 712 1448 respondent,
735 1363 814 1427 illud
837 1363 924 1446 quod
950 1386 1101 1452 praesens
1126 1364 1322 1449 pepigissent
1342 1387 1374 1434 ro

296 1457 502 1542 interrogant,
517 1457 633 1540 ecquid
647 1480 771 1535 aurum,
790 1458 877 1542 quod
890 1457 924 1521 in
938 1457 1080 1544 singulos
1096 1458 1220 1544 pedites
1235 1458 1323 1542 equi-

296 1563 407 1634 tesque
425 1550 630 1615 dividendum
654 1562 752 1628 esset,
780 1574 889 1615 secum
908 1551 1101 1616 adduxisset.
1137 1572 1210 1616 cum
1229 1551 1271 1617 ad
1287 1551 1321 1614 id
1341 1573 1372 1619 11

295 1644 375 1708 nihil
386 1644 640 1730 responderetur,
650 1643 823 1710 Clondicus
837 1647 968 1731 regulus
984 1668 1094 1710 eorum
1112 1646 1190 1723 ‘abi,
1203 1668 1321 1711 renun-

295 1738 340 1802 tia
358 1738 449 1823 ergo'
468 1738 571 1820 inquit
590 1739 682 1823 ‘regi
700 1738 762 1803 nisi
780 1763 895 1804 aurum
908 1740 1099 1824 obsidesque
1114 1740 1320 1826 accepissent,

295 1854 455 1916 nusquam
472 1832 547 1896 inde
566 1831 678 1898 Gallos
701 1834 828 1919 longius
846 1833 1018 1920 vestigium
1035 1835 1198 1898 moturos?
1242 1835 1322 1899 haec
1342 1854 1372 1899 12

295 1927 395 1990 relata
413 1927 482 2011 regi
496 1948 570 1990 cum
582 1937 699 2004 essent,
718 1928 873 1992 advocato
888 1927 1018 1992 consilio
1033 1950 1106 1991 cum
1120 1928 1198 2011 quid
1212 1950 1321 1992 omnes

296 2019 422 2084 suasuri
440 2029 546 2084 essent
563 2031 744 2104 appareret,
767 2022 836 2105 ipse
859 2021 1014 2106 pecuniae
1033 2042 1130 2103 quam
1147 2022 1239 2106 regni
1256 2043 1323 2085 me·

298 2114 358 2178 lior
367 2124 473 2177 custos
485 2112 599 2176 institit
608 2113 648 2176 de
661 2114 795 2197 perfidia
805 2126 836 2176 et
845 2113 970 2178 feritate
978 2112 1147 2178 Gallorum
1157 2113 1322 2190 disserere,

296 2209 470 2272 multorum
491 2206 556 2270 iam
578 2216 652 2270 ante
676 2206 819 2269 cladibus
846 2216 991 2291 experta:
1019 2205 1231 2291 periculosum
1254 2228 1323 2270 esse
1343 2225 1373 2271 13

296 2313 417 2366 tantam
434 2300 669 2365 multitudinem
687 2300 721 2364 in
737 2299 964 2365 Macedoniam
982 2299 1140 2385 accipere,
1160 2297 1232 2385 [ne]
1250 2321 1324 2384 gra·

296 2396 399 2461 viores
415 2417 469 2460 eos
483 2394 584 2460 socios
599 2393 740 2460 habeant
753 2416 850 2479 quam
867 2395 974 2459 hostes
983 2394 1155 2458 Romanos.
1182 2393 1323 2477 quinque
1343 2413 1374 2460 11

296 2489 384 2552 milia
402 2489 544 2573 equitum
562 2490 638 2553 satis
656 2512 735 2566 esse,
754 2489 872 2573 quibus
888 2500 919 2555 et
936 2489 984 2552 uti
998 2488 1040 2551 ad
1056 2488 1176 2553 bellum
1194 2498 1323 2573 possent
1393 2547 1396 2553 ,

297 2594 329 2647 et
346 2603 481 2665 quorum
498 2581 735 2649 multitudinem
752 2582 814 2667 ipsi
830 2604 895 2646 non
912 2582 1054 2646 timeant.

360 2674 512 2741 XXVII.
540 2675 730 2760 Apparebat
748 2675 895 2739 omnibus
917 2674 1098 2738 mercedem
1115 2672 1240 2749 timere,
1263 2692 1323 2735 neo
1343 2695 1355 2741 1

297 2768 468 2852 quicquam
486 2768 573 2833 aliud
578 2794 587 2847 ;
607 2769 664 2834 sed
682 2791 756 2834 cum
774 2768 907 2833 suadere
924 2765 1020 2853 [non]
1035 2766 1211 2831 consulenti
1227 2786 1322 2829 nemo

297 2863 437 2938 auderet,
455 2863 626 2927 remittitur
642 2862 837 2949 Antigonus,
856 2862 911 2945 qui
928 2860 1090 2925 nuntiaret
1107 2858 1248 2943 quinque
1264 2859 1323 2923 mi·

295 2956 374 3019 lium
392 2955 535 3040 equitum
550 2978 647 3042 opera
664 2967 788 3021 tantum
806 2956 853 3020 uti
871 2978 991 3041 regem,
1009 2977 1075 3018 non
1091 2964 1199 3020 tenere
1216 2953 1323 3017 multi-

297 3050 440 3114 tudinem
463 3050 568 3115 aliam.
613 3052 699 3133 quod
722 3051 780 3114 ubi
802 3050 953 3115 audivere
976 3047 1118 3126 barbari,
1146 3059 1322 3113 ceterorum
1342 3072 1356 3117 2

297 3142 427 3225 quidem
444 3142 587 3207 fremitus
605 3144 667 3208 fuit
683 3144 929 3230 indignantium,
948 3166 982 3207 se
1000 3143 1118 3207 frustra
1136 3143 1256 3207 excitos
1274 3164 1323 3205 se-

297 3236 392 3300 dibus
406 3236 486 3313 suis3
506 3234 679 3302 Clondicus
693 3262 802 3302 rursus
816 3239 1001 3323 interrogat,
1016 3236 1131 3320 ecquid
1144 3236 1220 3320 ipsis
1231 3235 1323 3319 quin-

297 3352 360 3414 que
378 3331 515 3409 milibus,
533 3333 619 3417 quod
634 3335 842 3412 convenisset,
860 3343 1052 3399 numeraret.
1083 3355 1157 3396 cum
1171 3332 1322 3396 adversus
1341 3350 1356 3396 3

297 3425 331 3489 id
358 3446 486 3508 quoque
511 3426 638 3490 misceri
671 3428 823 3511 ambages
850 3436 1009 3502 cerneret,
1039 3425 1190 3488 inviolato
1217 3424 1324 3486 fallaci

298 3517 425 3592 nuntio,
448 3517 534 3599 quod
551 3519 606 3581 vix
624 3529 806 3603 speraverat
822 3520 891 3603 ipse
909 3539 1004 3602 posse
1023 3516 1221 3600 contingere,
1239 3525 1323 3577 retro

300 3607 341 3673 ad
359 3608 517 3684 Histrum,
535 3610 735 3695 perpopulati
749 3611 934 3686 Threciam,
953 3630 1017 3692 qua
1035 3608 1140 3672 vicina
1157 3617 1224 3672 erat
1242 3606 1323 3683 viae,

300 3701 472 3768 redierunt.
516 3723 598 3787 quae
616 3725 729 3767 manus
753 3702 861 3785 quieto
880 3702 1009 3768 sedente
1032 3723 1108 3786 rege
1126 3701 1168 3764 ad
1185 3699 1323 3785 Elpeum
1342 3721 1359 3767 4

300 3797 453 3863 adversus
463 3796 625 3861 Romanos
640 3794 931 3882 [per]Perraebiae
949 3798 1065 3861 saltum
1082 3795 1116 3858 in
1124 3794 1324 3860 Thessaliam

299 3892 447 3957 traducta
464 3913 529 3956 non
547 3913 641 3977 agros
665 3900 789 3955 tantum
805 3892 928 3957 nudare
945 3890 1127 3977 populando
1144 3888 1262 3975 potuit,
1284 3912 1324 3954 ne

299 4007 381 4070 quos
398 3986 473 4050 inde
491 3985 629 4050 Romani
647 3998 842 4051 commeatus
861 3996 1074 4072 expectarent,
1094 3984 1150 4049 sed
1166 3983 1252 4069 ipsas
1269 4006 1324 4047 ex·
1342 4003 1357 4050 5

300 4079 428 4144 cindere
450 4080 546 4143 urbes
569 4090 695 4145 tenente
719 4080 760 4144 ad
784 4079 925 4166 Elpeum
941 4080 1062 4145 Perseo
1079 4077 1257 4155 Romanos,
1283 4100 1324 4143 ne

300 4173 433 4238 urbibus
456 4173 550 4237 sociis
571 4173 720 4259 opitulari
742 4184 882 4260 possent.
925 4172 1003 4258 ipsis
1026 4192 1152 4257 quoque
1170 4169 1323 4236 Romanis
1343 4191 1357 4237 o

301 4266 341 4331 de
358 4289 393 4331 se
411 4267 615 4354 cogitandum
637 4266 764 4345 fuisset,
792 4268 920 4353 quando
937 4289 1042 4352 neque
1063 4287 1190 4330 manere
1209 4265 1325 4329 amissa

1124 4370 1140 4419 9
1146 4372 1158 4399 Q
