3384 4975
341 497 384 562 80
522 509 663 600 jamna
680 490 839 576 xxxxn,
859 508 900 562 aa.
915 507 958 562 aa
978 508 1158 576 [aaaaaa]

308 689 323 735 6
342 667 505 732 divisimus
522 666 605 730 inter
622 687 688 731 vos.
715 687 776 729 nec
797 664 951 728 minorem
971 664 1011 729 de
1027 664 1206 749 legionibus
1223 664 1370 749 peditum

342 761 506 826 victoriam
527 759 667 834 habetis,
690 778 773 840 quae
794 769 950 823 nocturna
971 758 1050 842 fuga
1073 758 1163 822 vobis
1186 758 1369 826 subtractae

340 855 570 940 naufragorum
592 852 802 938 trepidatione
824 852 944 937 passim
961 853 1139 917 natantium
1156 853 1275 918 flumen
1293 877 1370 920 con-

309 971 322 1015 7
341 950 517 1033 pleverunt.
549 947 607 1012 sed
624 946 750 1010 facilius
767 947 860 1011 nobis
879 946 1085 1029 sequentibus
1103 947 1204 1011 victos
1221 946 1370 1014 Peneum

286 1085 288 1090 -
342 1065 492 1126 superare
506 1041 574 1119 erit,
587 1061 685 1123 quam
698 1041 760 1104 illis
774 1040 1005 1125 trepidantibus
1020 1040 1096 1117 fuit3
1114 1043 1369 1126 transgressique

341 1137 500 1221 extemplo
523 1146 627 1199 castra
648 1134 921 1218 oppugnabimus,
948 1155 1031 1216 quae
1049 1133 1144 1199 hodie
1162 1135 1368 1219 cepissemus,

308 1252 323 1298 8
341 1228 375 1292 ni
397 1229 570 1314 fugissent3
597 1238 653 1292 aut
676 1229 703 1290 si
725 1227 793 1292 acie
810 1228 981 1292 decernere
1004 1227 1128 1304 volent,
1153 1229 1291 1293 eundem
1308 1253 1370 1315 pu-

341 1345 425 1408 gnae
445 1322 601 1408 pedestris
625 1332 776 1386 eventum
799 1331 980 1405 expectate,
1006 1320 1063 1402 qui
1084 1321 1228 1403 equitum
1248 1322 1283 1386 in
1300 1345 1369 1388 cer·

309 1416 460 1484 stamine
487 1415 568 1478 fuit’
613 1414 723 1497 etqui
748 1413 891 1478 vicerant
911 1416 1047 1491 alacres,
1075 1414 1177 1500 spolia
1203 1438 1370 1481 caesorum

340 1509 480 1574 hostium
501 1508 641 1573 humeris
664 1518 811 1593 gerentes
833 1508 977 1573 facinora
1000 1531 1058 1572 sua
1081 1509 1247 1584 audivere,
1271 1533 1368 1575 exeo

292 1627 323 1674 10
341 1605 428 1688 quod
441 1603 599 1668 acciderat
612 1625 702 1686 spem
716 1601 815 1665 futuri
828 1602 1068 1686 praecipientes,
1087 1613 1118 1665 et
1132 1603 1255 1686 pedites
1263 1604 1369 1668 aliena

340 1699 443 1784 gloria
456 1697 591 1772 accensi,
605 1696 774 1780 praecipue
788 1696 844 1779 qui
853 1696 1070 1761 Macedonum
1084 1696 1253 1782 phalangis
1267 1712 1368 1773 erant,

341 1792 403 1855 sibi
420 1812 547 1874 qnoque
570 1801 602 1855 et
623 1791 790 1855 navandae
808 1790 877 1875 regi
895 1811 1011 1875 operae
1030 1800 1062 1854 et
1080 1791 1215 1855 similem
1233 1791 1369 1876 gloriam

292 1909 321 1953 11
342 1909 382 1950 ex
408 1884 499 1949 hoste
524 1885 668 1970 pariendi
690 1881 905 1970 occasione[m
926 1884 1089 1968 optabant.
1134 1882 1296 1969 contione]
1321 1885 1370 1949 di-

340 1979 452 2056 missa,
478 1991 605 2065 postero
632 1979 684 2044 die
710 1977 873 2063 profectus
903 1978 977 2044 inde
1003 1979 1045 2042 ad
1071 1978 1243 2062 Mopsinm.
1261 1979 1369 2062 posuit

342 2085 454 2138 castra.
490 2074 631 2138 tumulus
652 2073 705 2138 hic
723 2083 797 2138 ante
815 2071 938 2158 Tempe
956 2072 1073 2137 eminet
1091 2073 1225 2137 Larisae
1243 2072 1367 2136 medius

340 2171 356 2247 l
374 2164 564 2231 abestonum
579 2182 597 2219 t
607 2182 653 2219 Η

309 2284 322 2328 1
404 2259 517 2324 LXII.
538 2257 786 2345 [Romani,]non
796 2259 1002 2324 abscedentes
1013 2260 1053 2324 ab
1063 2260 1133 2344 ripa
1141 2259 1252 2334 Penei,
1263 2271 1367 2324 trans·

307 2377 322 2422 ρ
341 2355 480 2418 tulerunt
496 2354 654 2428 inlocum
671 2354 820 2419 tutiorem
837 2364 950 2418 castra.
977 2376 1015 2418 eo
1029 2353 1215 2438 Misagenes
1225 2354 1368 2418 Numida

341 2447 428 2512 venit
445 2470 519 2512 cum
536 2448 622 2523 mille
641 2447 815 2531 equitibus,
833 2446 904 2534 pari
921 2448 1065 2534 peditum
1083 2470 1226 2525 numam,
1246 2448 1288 2512 ad
1305 2448 1367 2512 hoc

306 2563 322 2610 3
341 2542 517 2628 elephantis
535 2543 661 2607 duobus
679 2554 711 2608 et
728 2542 851 2627 viginti.
891 2565 948 2628 per
965 2565 1020 2607 eos
1038 2543 1106 2607 dies
1124 2543 1292 2607 consilium
1310 2543 1367 2605 ha·

339 2636 427 2701 benti
443 2636 513 2720 regi
531 2635 571 2700 de
588 2657 714 2701 summa
731 2633 880 2723 [rerum],
899 2659 970 2702 cum
989 2636 1053 2700 iam
1072 2636 1266 2700 consedisset
1284 2636 1368 2699 fero-

340 2731 390 2794 cia
407 2732 449 2794 ab
467 2753 501 2794 re
520 2729 602 2795 bene
619 2742 725 2815 gesta,
744 2732 814 2795 ausi
832 2741 906 2794 sunt
924 2730 1055 2813 quidam
1073 2730 1246 2793 amicorum
1265 2729 1368 2793 consi-

339 2825 418 2887 lium
441 2824 532 2899 dare,
559 2836 596 2887 ut
616 2825 757 2889 secunda
778 2824 908 2888 fortuna
924 2825 958 2888 in
976 2824 1194 2888 condicionem
1215 2824 1367 2888 honestae

340 2920 428 3003 pacis
450 2930 593 2983 uteretur
615 2920 841 3005 potiusquam
864 2942 920 3003 spe
944 2941 1027 2983 vana
1047 2930 1179 2982 'evectus
1202 2918 1235 2981 in
1257 2940 1366 2981 casum

306 3035 323 3079 4
341 3012 587 3077 inrevocabilem
605 3036 640 3078 se
659 3013 761 3078 daret:
785 3014 918 3077 modum
934 3013 1086 3098 inponere
1105 3012 1252 3076 secundis
1270 3012 1365 3075 rebus

340 3130 400 3171 nec
417 3107 509 3170 nimis
529 3109 656 3172 credere
675 3106 836 3172 serenitati
855 3108 1029 3193 praesentis
1047 3109 1208 3185 fortunae,
1227 3107 1366 3191 pruden-

306 3223 322 3266 5
342 3200 382 3264 tis
399 3199 535 3264 hominis
554 3214 587 3265 et
608 3201 721 3266 merito
744 3201 845 3265 felicis
864 3224 943 3266 esse.
986 3202 1126 3266 mitteret
1144 3202 1185 3265 ad
1203 3201 1367 3265 consulem

340 3296 396 3378 qui
412 3294 526 3362 foedus
543 3295 578 3359 in
596 3296 724 3359 easdem
741 3295 829 3379 leges
846 3307 1045 3370 renovarent,
1064 3295 1181 3378 quibus
1196 3293 1366 3378 Philippus

340 3401 431 3475 pater
461 3389 528 3454 eius
559 3412 672 3474 paoem
705 3389 747 3453 ab
778 3389 817 3453 Τ.
850 3389 1001 3470 Quinctio
1032 3390 1151 3454 victore
1182 3388 1365 3473 accepisset.

306 3504 321 3549 6
341 3507 446 3568 neque
465 3483 609 3548 desinere
633 3484 752 3547 bellum
769 3483 1025 3570 magnificentius
1043 3506 1140 3568 quam
1158 3483 1198 3546 ab
1216 3493 1281 3545 tam
1299 3503 1367 3544 me·

341 3577 488 3643 morabili
513 3600 624 3663 pugna
653 3576 782 3664 [posse,
808 3575 933 3663 neque]
966 3601 1055 3663 spem
1082 3577 1252 3641 firmiorem
1278 3574 1368 3660 pacis

339 3680 513 3754 perpetuae
540 3671 625 3746 dari,
657 3693 754 3755 quam
785 3694 869 3755 quae
900 3673 1061 3756 perculsos
1089 3672 1222 3736 adverso
1248 3666 1367 3754 proelio

308 3765 504 3828 rRomanos
522 3765 683 3830 molliores
705 3766 829 3830 factura
846 3765 888 3829 sit
910 3765 951 3829 ad
974 3764 1209 3847 paciscendum.
1254 3761 1368 3845 quodsi

340 3856 477 3920 Romani
495 3868 564 3921 tum
582 3879 709 3941 quoque
730 3860 826 3923 insita
843 3856 1017 3943 pertinacia
1040 3879 1143 3939 aequa
1161 3879 1368 3942 aspernaren-

341 3959 407 4022 tur,
429 3951 506 4013 deos
528 3951 735 4035 hominesque
757 3964 789 4018 et
810 3950 1035 4017 moderationis
1053 3950 1164 4017 Persei
1187 3964 1219 4016 et
1241 3954 1369 4017 illorum

306 4060 322 4107 8
340 4040 515 4124 pervicacis
533 4046 700 4130 superbiae
717 4048 842 4111 futuros
861 4056 966 4110 testes.
998 4066 1172 4128 numquam
1190 4047 1231 4109 ab
1250 4046 1367 4110 talibus

341 4131 479 4195 consiliis
497 4136 687 4204 abhorrebat
709 4141 794 4225 regis
813 4140 948 4203 animus.
992 4136 1100 4219 itaque
1118 4140 1291 4222 plurimum
1310 4140 1367 4202 ad·

309 4248 437 4295 ssensu
463 4232 658 4311 conprobata
683 4234 853 4309 sententia,
884 4228 982 4315 legati
1011 4231 1052 4293 ad
1084 4234 1246 4297 consulem
1279 4233 1367 4296 missi
