3384 4975
343 532 409 601 168
538 540 656 598 LIBER
672 540 828 609 XXXXV,
847 538 889 593 19.
904 537 947 592 20.
967 534 1153 606 [amabili]

341 705 454 769 fuisse.
499 700 556 766 sed
574 700 734 765 enimvero
753 719 828 762 cum
844 695 1040 761 detestabilis
1059 695 1158 760 altera
1174 716 1225 760 res
1244 705 1276 762 et
1299 722 1380 784 pro-

340 797 432 862 xima
449 793 619 882 parricidio
637 794 693 870 sit,
715 791 793 877 quid
811 789 853 855 ad
871 789 1130 858 deliberationem
1155 790 1244 854 dubii
1262 815 1377 880 super-

291 914 326 962 15
344 891 435 958 esse?
456 900 565 956 utrum
579 887 664 954 enim
681 898 804 972 partem
817 887 910 972 regni
927 887 1101 972 petiturum
1114 907 1194 962 esse,
1213 909 1255 950 an
1268 897 1374 954 totum

343 984 549 1072 erepturum?
575 983 603 1047 si
623 992 763 1068 partem,
786 982 881 1047 ambo
905 982 1047 1046 infirmos
1069 981 1226 1048 distractis
1250 983 1378 1051 viribus

344 1090 377 1146 et
394 1079 542 1144 omnibus
558 1077 681 1142 iniuriis
699 1074 920 1163 pro[brisque]
940 1077 1093 1141 obnoxios
1111 1077 1194 1154 fore;
1214 1080 1241 1144 si
1258 1090 1375 1156 totum,

343 1174 546 1261 privatumne
565 1193 642 1257 ergo
656 1172 810 1236 maiorem
827 1171 969 1249 fratrem,
988 1195 1030 1236 an
1043 1171 1170 1237 exulem
1187 1174 1242 1238 illa
1256 1184 1374 1252 aetate,

344 1270 400 1334 illa
418 1267 556 1354 corporis
569 1265 752 1331 infirmitate
767 1263 853 1351 [esse
867 1263 1062 1351 passurum]‚
1081 1289 1121 1330 an
1136 1264 1207 1353 [ad]
1223 1269 1377 1333 ultimum

293 1385 327 1433 16
345 1363 427 1428 mori
444 1361 626 1427 iussurum?
652 1360 819 1446 egregium
836 1360 935 1437 enim,
958 1371 994 1424 ut
1016 1360 1133 1424 fabulis
1156 1362 1290 1427 traditus
1312 1363 1376 1427 im·

345 1457 471 1544 piorum
492 1455 627 1519 fratrum
650 1464 783 1519 eventus
800 1463 958 1530 taceatur,
981 1453 1094 1519 Persei
1116 1455 1237 1519 exitum
1260 1457 1377 1533 videri,

345 1552 459 1636 quiex
480 1549 621 1616 fraterna
637 1550 735 1614 caede
752 1559 880 1633 raptum
903 1549 1049 1614 diadema
1066 1549 1099 1612 in
1118 1551 1237 1634 templo
1258 1549 1378 1616 Samo-

346 1645 505 1720 thracum,
532 1645 619 1708 velut
641 1643 861 1728 praesentibus
884 1644 932 1708 dis
951 1643 1151 1728 exigentibus
1169 1665 1304 1729 poenas,
1332 1645 1373 1708 ad

295 1760 327 1806 17
345 1738 444 1824 pedes
462 1738 591 1802 victoris
609 1736 708 1802 hostis
726 1747 903 1822 prostratus
920 1739 1071 1823 posuerit.
1117 1760 1171 1803 eos
1193 1740 1294 1824 ipsos,
1317 1740 1373 1823 qui

344 1853 410 1897 non
426 1831 472 1896 illi
490 1832 597 1910 amici,
621 1831 677 1896 sed
694 1832 834 1898 Eumeni
854 1832 962 1898 infesti
981 1834 1143 1899 stimulent
1161 1857 1249 1911 eum,
1272 1834 1374 1920 pieta-

344 1939 410 1994 tem
428 1928 701 2013 constantiamque
718 1928 914 2006 laudaturos,
933 1928 960 1993 si
976 1929 1074 1994 fidem
1088 1929 1129 1994 ad
1143 1929 1291 1993 ultimum
1307 1928 1377 1994 fra·

344 2023 384 2087 tri
402 2025 621 2109 praestitisset.

311 2139 326 2185 1
409 2118 493 2183 XX.
519 2119 612 2184 Haec
629 2119 700 2204 plus
719 2118 847 2184 valuere
864 2118 898 2182 in
915 2118 1019 2185 Attali
1037 2117 1153 2182 animo.
1197 2118 1306 2201 itaque
1324 2118 1374 2183 in-

344 2213 511 2279 troductus
533 2214 567 2278 in
590 2224 750 2289 senatum,
773 2214 951 2299 gratulatus
973 2212 1138 2278 victoriam
1156 2223 1204 2277 est
1226 2209 1287 2297 [et]
1314 2236 1374 2278 sua

345 2309 461 2372 merita
479 2331 517 2373 eo
535 2308 619 2373 bello
637 2309 818 2390 fratrisque,
837 2308 864 2371 si
882 2330 947 2391 qua
965 2318 1064 2385 erant,
1081 2318 1113 2371 et
1132 2305 1297 2373 Gallorum
1316 2306 1375 2370 de-

344 2400 530 2477 fectionem,
549 2422 630 2484 quae
648 2423 750 2485 nuper
766 2400 888 2487 ingenti
906 2412 995 2465 motu
1012 2401 1098 2466 facta
1115 2411 1192 2478 erat,
1209 2400 1374 2484 exposuit3

225 2495 229 2504 ’
311 2496 451 2582 apetiit,
473 2506 509 2559 ut
526 2495 648 2581 legatos
667 2496 806 2561 mitteret
823 2495 866 2560 ad
883 2518 952 2572 eos,
970 2518 1105 2580 quorum
1124 2495 1312 2560 auctoritate
1330 2495 1374 2560 ab

346 2590 442 2656 armis
457 2600 675 2655 avocarentur.
701 2589 751 2655 his
769 2613 826 2677 pro
839 2591 931 2677 regni
948 2592 1082 2657 utilitate
1099 2590 1190 2656 editis
1204 2590 1374 2668 mandatis,

311 2704 328 2751 3
346 2686 476 2751 Aenum
496 2684 555 2750 sibi
574 2696 605 2750 et
622 2686 812 2751 Maroneam
829 2686 929 2772 petiit.
955 2686 1000 2750 ita
1014 2686 1164 2751 destituta
1178 2708 1288 2751 eorum
1306 2708 1379 2769 spe,

345 2782 402 2864 qui
419 2781 516 2846 fratre
540 2791 688 2845 accusato
706 2781 908 2865 partitionem
924 2780 1016 2865 regni
1038 2780 1212 2866 petiturum
1231 2780 1376 2846 credide·

345 2884 432 2949 rant,
460 2874 581 2938 curiam
604 2875 748 2939 excessit.
793 2885 829 2940 ut
851 2898 922 2940 raro
944 2875 1022 2938 alias
1045 2875 1216 2958 quisquam
1238 2897 1294 2939 rex
1318 2885 1376 2938 aut

346 2968 505 3053 privatus,
527 2978 616 3032 tanto
634 2968 744 3033 favore
763 2979 915 3052 tantoque
934 2968 1076 3032 omnium
1095 2968 1232 3033 adsensu
1250 2979 1299 3033 est
1317 2991 1376 3033 au-

275 3081 277 3086 ’
347 3063 448 3127 ditus:
472 3063 620 3127 omnibus
644 3063 818 3127 honoribus
835 3063 1085 3147 muneribusque
1103 3073 1134 3129 et
1155 3086 1306 3149 praesens
1326 3072 1374 3127 est

347 3160 451 3223 cultus
470 3169 502 3224 et
519 3158 772 3244 proficiscentem
788 3159 948 3242 prosecuti
967 3171 1050 3224 sunt.

309 3271 328 3316 4
410 3254 499 3319 [nter
511 3254 628 3318 multas
642 3253 742 3317 Asiae
753 3250 973 3337 Graeciaeque
985 3252 1160 3339 legationes
1174 3251 1375 3317 Rhodiorum

311 3364 328 3412 o
345 3349 484 3412 maxime
506 3348 604 3434 legati
627 3346 788 3412 civitatem
806 3357 1039 3413 converterunt.
1085 3371 1161 3411 nam
1179 3369 1252 3411 cum
1269 3347 1375 3431 primo

345 3437 379 3501 in
397 3452 485 3505 veste
504 3441 640 3506 candida
657 3441 717 3505 visi
732 3451 847 3519 essent,
866 3441 953 3526 quod
971 3435 1002 3507 et
1019 3440 1209 3528 gratulantis
1228 3440 1374 3516 decebat,

346 3540 379 3595 et
393 3533 421 3595 si
435 3534 596 3599 sordidam
605 3545 727 3601 vestem
740 3534 936 3614 habuissent,
951 3536 1130 3622 lugentium
1138 3534 1250 3599 Persei
1263 3556 1375 3598 casum

314 3617 334 3693 θ’
347 3626 499 3710 praebere
514 3630 653 3712 speciem
666 3640 821 3714 poterant,
834 3640 1006 3716 postquam
1020 3629 1156 3696 consulti
1169 3628 1210 3693 ab
1219 3627 1269 3692 M.
1280 3627 1376 3691 Iunio

347 3720 477 3783 consule
499 3729 609 3806 'patres
635 3724 793 3788 stantibus
823 3724 858 3787 in
880 3725 1007 3789 comitio
1032 3723 1161 3810 legatis,
1189 3746 1230 3787 an
1256 3722 1375 3798 locum,

345 3810 445 3875 lautia
463 3824 671 3899 senatumque
689 3817 811 3894 darent,
828 3819 954 3884 nullum
970 3818 1126 3903 hospitale
1143 3817 1194 3882 ius
1212 3817 1245 3880 in
1263 3817 1290 3880 is
1306 3837 1376 3881 esse

314 3904 540 3973 sservandum
566 3921 770 3988 censuerunt,
803 3934 950 3997 egressus
977 3934 995 3975 e
1022 3912 1110 3977 ouria
1141 3910 1268 3986 consul,
1301 3931 1377 3973 cum

347 3997 455 4065 Rhodi
479 4002 675 4086 gratulatum
699 4027 733 4070 se
756 4004 796 4069 de
819 4005 952 4071 victoria
973 4018 1210 4091 purgatumque
1238 4001 1377 4068 civitatis

350 4093 482 4160 crimina
501 4093 641 4161 dicentes
665 4098 790 4163 venisse
807 4099 975 4184 petissent,
998 4109 1035 4162 ut
1057 4111 1185 4165 senatus
1204 4098 1265 4163 sibi
1284 4097 1377 4162 dare-

315 4197 416 4266 atur,
441 4188 638 4276 pronuntiat,
666 4192 759 4257 sociis
781 4202 814 4257 et
840 4190 949 4256 amicis
977 4203 1009 4257 et
1035 4194 1097 4258 alia
1124 4193 1255 4258 comiter
1278 4204 1377 4276 atquc

350 4283 547 4371 hospitaliter
559 4293 722 4371 praestare
731 4288 895 4354 Romanos
904 4296 936 4351 et
945 4300 1093 4354 senatum
1101 4288 1178 4354 dare
1188 4310 1380 4354 consuesse:
