3384 4975
416 483 480 548 114
625 495 743 551 mssa
759 495 949 566 xxxxum
969 496 1034 552 aa.
1052 497 1236 563 [assam]

414 656 536 720 animos
554 653 615 719 sibi
629 653 820 728 conciliaret,
838 653 1004 738 opsidibus
1018 664 1183 719 contentus
1197 653 1265 718 sine
1282 651 1442 738 praesidio

413 750 592 832 relinquere
610 751 690 812 sels
708 748 820 813 urbem
837 741 1049 831 inmunesque
1067 770 1104 812 ac
1119 747 1184 811 suis
1202 747 1326 833 legibus
1338 746 1442 810 victu-

380 865 395 913 6
413 865 466 908 ros
484 854 533 908 est
549 841 720 928 pollicitus.
746 864 935 927 progressus
952 842 1027 906 inde
1045 841 1108 906 diei
1124 843 1184 906 iter
1201 842 1242 905 ad
1258 841 1442 905 Ascordum

413 937 533 1002 flumen
555 935 663 1022 posuit
686 947 804 1013 castra,
832 947 865 1000 et
887 948 1043 1021 quantum
1064 935 1250 1021 procederet
1271 935 1395 1020 longius
1421 956 1442 996 a

414 1031 595 1106 Thessalia,
619 1052 657 1093 eo
675 1030 828 1095 maiorem
850 1052 958 1094 rerum
976 1031 1117 1094 omnium
1138 1029 1279 1114 inopiam
1302 1027 1441 1092 sentiens

381 1146 394 1192 7
413 1147 577 1210 regressus
592 1123 633 1188 ad
642 1123 745 1188 Dium
759 1135 807 1188 est
821 1122 1015 1186 dubitatione
1025 1120 1171 1180 omnibus
1188 1133 1345 1206 exempta,
1363 1120 1442 1203 quid

413 1220 585 1284 intercluso
599 1218 640 1281 ab
656 1217 822 1281 Thessalia
834 1210 1019 1296 patiendum
1034 1208 1156 1285 fuisset,
1175 1212 1227 1273 cui
1240 1215 1352 1296 procul
1367 1214 1443 1277 inde

380 1313 586 1382 8abscedere
612 1321 718 1372 tutum
744 1327 807 1369 non
833 1312 927 1365 esset.
971 1300 1110 1366 Perseus
1137 1303 1252 1368 coactis
1278 1305 1312 1368 in
1338 1329 1443 1368 unum

415 1406 561 1469 omnibus
584 1401 681 1483 copiis
708 1396 906 1477 ducibusque
933 1394 1097 1480 increpare
1119 1397 1296 1481 praefectos
1319 1400 1446 1482 praesi-

382 1519 396 1566 9
415 1499 555 1571 diorum,
582 1504 654 1557 ante
673 1512 783 1554 omnes
800 1489 1064 1574 Asclepiodotum
1087 1501 1183 1573 atque
1200 1493 1355 1576 Hippiam
1362 1516 1371 1569 ;
1400 1494 1442 1556 ab

413 1591 463 1655 his
476 1591 579 1654 dicere
593 1586 730 1649 claustra
737 1583 948 1648 Macedoniae
962 1585 1077 1648 tradita
1086 1585 1239 1649 Romanis
1253 1609 1333 1662 esse,
1348 1587 1439 1650 cuius

364 1705 396 1752 ro
414 1685 526 1767 culpae
557 1701 629 1743 reus
657 1699 751 1741 nemo
777 1676 891 1741 iustius
918 1700 1015 1762 quam
1046 1678 1115 1764 ipse
1143 1679 1265 1743 fuisset.
1318 1681 1440 1744 consuli

412 1785 581 1858 postquam
599 1793 639 1835 ex
657 1771 721 1834 alto
739 1782 910 1856 conspecta
928 1772 1037 1836 classis
1061 1795 1150 1856 spem
1168 1772 1245 1837 fecit
1263 1795 1336 1837 cum
1353 1796 1441 1838 com·

412 1877 520 1930 meatu
541 1887 639 1929 naves
667 1865 775 1930 venire
792 1867 965 1952 —ingens
990 1866 1074 1930 enim
1097 1867 1210 1931 caritas
1234 1890 1378 1933 annonae
1401 1889 1440 1931 ac

411 1981 510 2044 prope
528 1958 636 2044 inopia
653 1971 721 2025 erat
737 1997 781 2007 —
799 1961 839 2024 ab
862 1961 996 2026 invectis
1019 1961 1083 2025 iam
1106 1973 1235 2046 portum
1259 1961 1347 2027 audit
1364 1983 1440 2025 one·

362 2075 392 2120 11
411 2053 510 2117 rarias
528 2076 625 2118 naves
643 2054 833 2139 Magnesiae
851 2055 976 2120 relictas
995 2077 1074 2119 esse.
1118 2055 1238 2120 incerto
1256 2056 1329 2121 inde
1347 2056 1441 2139 quid·

412 2170 487 2211 nam
513 2148 674 2234 agendum
700 2148 782 2212 foret
799 2185 843 2195 -
861 2149 942 2213 adeo
968 2149 1036 2213 sine
1062 2149 1128 2212 ulla
1149 2171 1210 2234 ope
1232 2150 1330 2213 hostis
1357 2172 1440 2233 quae

413 2242 612 2327 adgravaret,
631 2264 705 2306 cum
722 2242 793 2326 ipsa
811 2243 998 2308 difficultate
1019 2265 1126 2306 rerum
1144 2243 1353 2328 pugnandum
1372 2254 1442 2307 erat

363 2355 394 2402 12
412 2372 456 2382 -·
481 2348 717 2422 peropportune
742 2337 865 2402 litterae
893 2361 912 2401 a
940 2335 996 2422 Sp.
1024 2337 1177 2402 Lucretio
1203 2337 1326 2401 adlatae
1353 2347 1440 2411 sunt,

414 2430 543 2495 castella
569 2452 619 2506 se,
646 2450 729 2513 quae
752 2453 849 2515 super
871 2431 994 2516 Tempe
1021 2442 1128 2496 essent
1153 2442 1185 2496 et
1206 2429 1289 2496 circa
1308 2428 1441 2507 Philan,

413 2536 520 2590 tenere
534 2525 640 2588 omnia
657 2525 871 2608 frumentique
884 2526 918 2589 in
931 2526 969 2590 iis
985 2537 1016 2591 et
1031 2526 1165 2590 aliarum
1177 2526 1211 2589 in
1224 2548 1319 2590 usum
1332 2548 1441 2590 rerum

413 2619 539 2705 copiam
555 2619 725 2684 invenisse.

381 2733 393 2778 1
478 2713 573 2778 VIII.
601 2714 664 2777 His
682 2736 876 2799 magnopere
893 2715 996 2780 laetus
1011 2714 1120 2778 consul
1139 2714 1180 2777 ab
1189 2712 1254 2777 Dio
1270 2711 1311 2776 ad
1321 2711 1440 2776 Philan

415 2806 516 2883 ducit,
539 2806 634 2869 simul
657 2817 693 2870 ut
709 2808 904 2892 praesidium
922 2809 990 2872 eius
1007 2808 1160 2884 firmaret,
1184 2806 1278 2877 simul
1296 2816 1331 2869 ut
1349 2806 1442 2870 militi

380 2920 394 2965 2
412 2900 618 2975 frumentum,
638 2899 728 2963 cuius
743 2902 834 2965 tarda
849 2901 1013 2966 subvectio
1028 2912 1105 2978 erat,
1124 2901 1287 2964 divideret.
1311 2922 1349 2963 ea
1366 2922 1442 2985 pro·

414 2993 509 3056 sectio
526 2991 647 3056 famam
668 2993 918 3078 haudquaquam
936 2995 1108 3059 secundam
1126 2994 1247 3058 hahuit.
1292 3017 1368 3057 nam
1386 2993 1441 3057 alii

413 3095 501 3149 metu
518 3087 685 3152 recessisse
709 3112 782 3153 eum
801 3090 842 3153 ab
861 3089 950 3153 hoste
968 3089 1129 3164 ferebant,
1153 3088 1228 3171 quia
1246 3086 1388 3152 manenti
1405 3087 1440 3151 in

380 3198 396 3245 3
414 3178 521 3244 Pieria
537 3180 657 3265 proelio
672 3181 887 3247 dimicandum
904 3182 997 3259 foret,
1016 3182 1070 3247 alii
1086 3182 1245 3267 ignarum,
1262 3180 1338 3245 belli
1356 3202 1441 3264 quae

414 3274 448 3337 in
466 3273 534 3338 dies
551 3276 678 3340 fortuna
695 3287 838 3354 novaret,
856 3288 893 3341 ut
905 3277 1143 3362 opperientibus
1161 3298 1230 3340 sese
1248 3275 1342 3339 rebus
1361 3274 1442 3338 omi·

380 3388 397 3433 4
415 3367 493 3432 sisse
508 3366 548 3434 de
561 3370 709 3434 manibus
723 3393 772 3447 ea,
791 3392 874 3454 quae
892 3392 968 3435 mox
983 3370 1085 3455 repeti
1098 3391 1162 3434 non
1179 3379 1317 3454 possent.
1345 3367 1441 3431 simul

415 3461 499 3526 enim
526 3462 620 3527 cessit
642 3463 842 3547 possessione
865 3463 937 3542 Dii,
964 3464 1113 3529 excitavit
1135 3462 1275 3538 hostem,
1301 3472 1338 3526 ut
1364 3471 1441 3525 tunc

414 3556 543 3622 tandem
556 3556 687 3622 sentiret
700 3559 916 3644 recuperanda
926 3580 996 3624 esse
1010 3579 1093 3643 quae
1105 3557 1193 3643 prius
1203 3551 1334 3642 [ipsius]
1344 3555 1441 3639 culpa

382 3670 397 3716 5
416 3650 533 3714 amissa
549 3649 663 3715 forent.
691 3651 800 3717 audita
813 3652 1111 3737 enim'profectione
1124 3649 1262 3715 consulis
1275 3670 1442 3733 regressus

414 3742 525 3821 Dium,
544 3763 626 3827 quae
644 3744 776 3810 disiecta
794 3768 832 3810 ao
849 3756 973 3811 vastata
992 3746 1033 3810 ab
1042 3744 1196 3811 Romanis
1210 3752 1310 3819 erant,
1329 3740 1441 3806 reficit.

415 3839 527 3923 pinnas
544 3839 707 3905 moenium
730 3838 880 3905 decussas
896 3841 1035 3926 reponit,
1063 3841 1105 3904 ab
1122 3838 1208 3904 omni
1225 3848 1316 3923 parte
1333 3858 1444 3901 muros

415 3933 530 4010 firmat,
548 3933 662 4016 deinde
680 3932 821 4019 quinque
837 3935 925 4000 milia
942 3940 1072 4021 passdm
1090 3935 1131 4000 ab
1149 3933 1228 3998 urbe
1244 3932 1322 3998 citra
1339 3930 1443 4016 ripam

416 4023 510 4108 Elpei
528 4026 630 4089 amnis
648 4039 751 4093 castra
772 4030 876 4114 ponit,
900 4052 1025 4094 amnem
1044 4030 1149 4115 ipsum
1170 4027 1305 4092 transitu
1321 4022 1444 4109 perdif-

382 4135 396 4181 6
415 4116 530 4182 ficilem
547 4140 606 4203 pro
623 4121 819 4187 munimento
837 4123 1014 4187 habiturus.
1059 4123 1130 4186 fluit
1147 4145 1187 4186 ex
1206 4120 1288 4185 valle
1307 4114 1443 4202 Olympi

415 4212 545 4288 montis,
573 4224 692 4279 aestate
710 4217 862 4301 exiguus,
889 4215 1029 4280 hibernis
1046 4215 1132 4282 idem
1153 4214 1304 4278 incitatus
1324 4210 1445 4296 pluviis
