3384 4975
447 507 668 566 PERIOCHAE
685 503 889 565 LIBBORUM
906 503 1178 561 cxx-cxxvu.
1261 487 1324 553 221

296 653 367 718 tres,
382 651 468 719 caput
500 663 592 717 uoque
606 663 670 701 cum
683 645 781 699 dextra
793 659 880 697 manu
893 641 1027 696 iurostris
1036 640 1158 712 positum
1167 645 1217 696 est.
1244 657 1325 711 prae-

295 725 376 773 terea
384 732 456 772 resa
497 715 641 770 .Brutoin
650 712 772 769 Graecia
780 711 1040 782 gestascontinet.·

361 797 401 836 ax
414 795 472 837 uus.
487 794 556 836 cxxc
570 795 620 844 ovi
636 793 739 834 aursus
752 792 824 833 ross
836 789 991 832 nxcassvu
1002 788 1128 830 Avuvsrr
1140 786 1266 830 urcrrva.

349 851 380 908 O.
391 850 504 907 Cassius
532 851 579 905 cui
590 849 753 906 mandatum
762 865 780 904 a
789 854 891 903 senatu
900 853 974 917 erat,
989 850 1021 901 ut
1029 845 1209 901 Dolabellam
1217 846 1326 900 hostem

294 891 535 976 iudicatumbelio
543 922 770 998 persequeretur,
784 914 1004 997 auctoritaterei
1012 913 1143 994 publicae
1153 913 1264 994 adiutus
1274 912 1343 984 sy-·

295 991 368 1043 riam
377 1005 441 1043 cum
450 987 540 1041 tribus
550 986 716 1041 exercrtibus
763 1003 792 1039 ur
801 1003 831 1039 m
841 985 940 1040 eadem
948 999 1093 1054 provruera
1102 986 1194 1050 erant,
1210 997 1239 1034 m
1248 986 1326 1050 pote-

295 1063 400 1112 statem
414 1073 492 1110 suam
504 1055 626 1126 redegit,
641 1002 822 1109 Dolabdlam
836 1053 867 1107 in
881 1053 950 1108 urbe
959 1050 1098 1106 Laudicia
1107 1051 1250 1130 obsessum
1258 1049 1328 1104 mori

298 1124 400 1196 coegit.
418 1124 456 1177 M.
467 1139 577 1194 quoque
585 1122 667 1177 Bruti
677 1122 754 1176 iussu
762 1122 793 1178 O.
803 1121 944 1177 Antonius
954 1124 1062 1191 captus,
1072 1135 1180 1174 occasus
1190 1124 1241 1174 est.

709 1203 748 1242 nx
761 1202 817 1242 uus.
833 1201 920 1242 cxxu.

349 1259 388 1312 M.
407 1259 511 1313 Brutus
535 1259 667 1313 adversus
686 1254 812 1314 Thracas
834 1273 988 1339 parumper
1005 1271 1138 1326 prospere
1154 1272 1214 1310 rem
1232 1253 1327 1327 gessit,

296 1328 480 1397 omnibusque
497 1328 689 1381 transmarinis
706 1327 856 1397 provincius
875 1324 1097 1394 exercitibusque
1115 1323 1146 1377 in
1159 1328 1329 1394 potestatem

295 1397 356 1450 eius
371 1401 400 1450 et
413 1395 444 1451 C.
455 1395 535 1451 Cassi
548 1395 682 1464 redactis,
698 1396 824 1450 coierunt
838 1394 975 1475 Smyrnae
989 1399 1106 1462 uterque
1122 1392 1158 1446 ad
1173 1392 1329 1446 ordinanda

296 1464 365 1519 belli
373 1464 461 1518 futuri
471 1463 596 1518 consilia.
614 1463 653 1517 M.
663 1462 804 1520 Messalae
813 1463 990 1536 Pophcolam
998 1461 1115 1516 fratrem
1122 1461 1246 1516 vinctum
1255 1476 1328 1516 com·

296 1533 374 1590 muni
382 1531 499 1587 consilio
508 1533 744 1587 condonaverunt.

700 1612 740 1651 ax
752 1612 810 1652 urs.
824 1610 922 1652 oxxru.

349 1666 412 1723 Sex.
421 1667 572 1739 Pompeius
581 1667 680 1790 Magni
693 1667 781 1736 filius,
796 1668 922 1723 collectis
932 1667 1059 1740 epriro
1068 1665 1232 1747 proscriptis
1243 1682 1277 1720 ac
1285 1664 1329 1719 fu·

295 1735 404 1805 gitivis,
420 1754 484 1791 cum
498 1737 622 1792 exercitu
651 1736 679 1790 iu
688 1736 818 1792 siueulla
827 1737 883 1792 loci
892 1737 1055 1808 cuiusquam
1064 1751 1239 1807 possessrone
1248 1750 1329 1804 prae·

297 1808 379 1858 datus
392 1805 422 1859 in
434 1805 518 1874 mari,
533 1805 692 1861 Messanam
706 1805 840 1877 oppidum
855 1805 884 1859 in
899 1804 996 1861 Sicilia
1006 1805 1142 1886 primum,
1161 1804 1227 1858 dein
1240 1807 1329 1856 totam

296 1873 471 1940 provinciam
492 1873 641 1944 occupavit
658 1873 807 1944 occisoque
823 1873 960 1945 Pompeio
978 1874 1129 1945 Bithynico
1146 1876 1276 1942 praetore
1294 1870 1328 1934 Q.

297 1940 490 1996 Salvidienum
498 1942 623 2012 legatum
633 1940 762 1998 Caesaris
770 1942 865 1997 navali
874 1942 981 2012 proelio
990 1942 1065 1997 vicit.
1089 1941 1194 1996 Caesar
1203 1946 1232 1994 et
1240 1938 1328 1993 Anto·

296 2010 360 2062 nius
379 2025 442 2063 cum
454 2008 627 2064 ,exercitibus
644 2009 674 2061 in
692 2009 843 2064 Graeciam
859 2011 1042 2077 traiecerunt,
1066 2008 1173 2063 bellum
1196 2007 1329 2062 adversus

297 2078 416 2130 Brutum
433 2083 462 2131 et
476 2075 602 2130 Cassium
619 2078 734 2147 gesturi.
762 2076 796 2142 Q.
810 2076 975 2132 Cornificius
989 2078 1019 2131 in
1031 2075 1130 2131 Africa
1145 2075 1180 2130 T.
1195 2074 1327 2143 Sextium,

298 2144 495 2200 Cassianarum
502 2144 625 2215 partium
634 2144 742 2214 ducem,
752 2145 861 2215 proelio
871 2145 945 2199 vicit.

700 2224 805 2265 axum.
816 2223 925 2265 emur.

349 2279 704 2337 demoraturum
722 2283 798 2353 apud
815 2281 962 2354 Philippos
980 2280 1058 2337 vario
1077 2284 1180 2337 eventu
1198 2280 1328 2335 adversus

298 2349 416 2406 Brutum
429 2356 458 2404 et
472 2349 599 2405 Cassium
616 2355 826 2422 pugnaverunt,
845 2351 888 2405 ita
904 2356 936 2405 ut
954 2351 1053 2406 dextra
1065 2349 1210 2419 utriusque
1225 2365 1330 2403 cornua

297 2419 481 2472 vincerentet
489 2424 581 2474 eastra
590 2435 700 2490 quoque
709 2420 847 2491 utrimque
858 2419 895 2474 ab
904 2419 939 2474 iis
947 2419 1329 2499 qui‘vicerantexpugnaren·

297 2494 353 2540 tur.
375 2488 426 2542 sed
434 2487 612 2558 inaequalem
619 2488 762 2543 fortunam
770 2488 893 2561 partium
900 2507 975 2544 mors
984 2487 1064 2546 Cassi
1072 2488 1154 2556 fecit,
1171 2503 1219 2557 qm
1228 2503 1291 2542 cum
1299 2485 1330 2540 in

297 2571 333 2609 eo
346 2570 435 2609 cornu
446 2554 557 2634 fuisset,
572 2556 647 2625 quod
659 2557 771 2627 pulsum
785 2562 859 2627 erat,
873 2562 963 2612 totum
977 2556 1128 2612 exereitum
1144 2556 1238 2609 fusum
1250 2559 1329 2609 ratus

299 2629 418 2678 mortem
432 2622 574 2677 conscivit.
601 2624 691 2680 altera
705 2625 771 2680 dein
784 2625 844 2680 acie
859 2625 949 2679 rictus
961 2625 1000 2679 M.
1010 2624 1114 2678 Brutus
1127 2628 1157 2679 et
1169 2624 1229 2696 ipse
1242 2622 1330 2678 vitam

298 2691 380 2760 finiit,
391 2696 504 2746 exorato
514 2689 645 2746 Stratone
654 2692 741 2764 fugae
751 2693 861 2761 comite,
876 2697 908 2747 ut
916 2692 970 2749 sibi
979 2692 1106 2763 gladium
1117 2691 1253 2762 adigeret.
1281 2707 1329 2745 an·

298 2776 397 2839 uorum
411 2765 472 2883 <terat
482 2762 502 2828 [.
514 2798 521 2813 .
532 2764 553 2827 .]
563 2759 675 2815 circiter
682 2762 884 2833 quadraginta,
899 2761 972 2817 inter
980 2776 1051 2831 quos
1061 2759 1094 2825 Q.
1105 2759 1273 2814 Hortensius
1284 2776 1329 2815 oc·

297 2843 433 2884 clauses.

392 2900 395 2905 ·
709 2901 749 2941 ax
761 2902 818 2942 um.
834 2900 920 2942 cxxv.

350 2965 456 3021 Caesar
464 2966 562 3021 relicto
571 2970 650 3021 trans
659 2983 735 3022 mare
745 2966 869 3021 Antonio
880 2997 914 3007 -
923 2966 1084 3038 provinciae
1094 2983 1129 3022 ea
1137 2971 1218 3039 parte
1231 2966 1330 3036 imperi

298 3035 407 3104 positae
425 3035 452 3090 ei
470 3041 789 3092 cesserant-reversus
802 3035 832 3090 in
844 3035 958 3090 ltaliam
974 3034 1115 3091 veteranis
1130 3052 1213 3108 agros
1226 3036 1328 3090 divisit.

297 3102 449 3158 seditiones
467 3105 603 3159 exercitus
622 3104 677 3174 sui,
697 3122 766 3175 quas
785 3105 908 3175 corrupti
923 3104 1055 3159 aFulvia
1067 3104 1107 3159 M.
1121 3104 1229 3159 Antoni
1245 3121 1329 3160 uxore

298 3171 402 3225 milites
416 3172 547 3227 adversus
560 3173 756 3242 imperatorem
768 3191 849 3228 suum
859 3173 1078 3243 concitaverant,
1094 3190 1158 3228 cum
1203 3172 1248 3227 avi
1256 3172 1329 3243 peri·

299 3240 363 3294 culo
376 3238 505 3296 inhibuit
531 3241 715 3303 L.2Antonius
725 3242 830 3311 consul,
844 3241 882 3296 M.
893 3242 1001 3297 Antoni
1008 3241 1105 3310 frater,
1122 3259 1156 3297 ea
1177 3259 1222 3296 em
1229 3240 1331 3295 Fulvia

300 3304 465 3363 consiliante
479 3308 585 3387 bellum
594 3308 710 3389 (laesuri
722 3310 825 3391 intulit.
852 3310 973 3379 receptis
987 3311 1017 3364 in
1029 3316 1125 3389 partes
1135 3327 1199 3389 suas
1208 3309 1329 3389 populis,

300 3377 1040 3515 utttffltltttutttttltutstlat
1053 3378 1330 3515 tertuum

354 3578 460 3635 Caesar
476 3597 540 3635 cum
556 3586 631 3637 esset
647 3524 1012 3653 annddudrmrigiuxbyltrium,
1026 3581 1170 3636 obsessum
1184 3580 1214 3635 in
1227 3580 1330 3650 oppido

300 3647 420 3702 Perusia
431 3647 465 3702 L.
479 3649 634 3704 Antonium
650 3655 836 3719 conatumque
856 3649 1025 3728 aliquotiens
1038 3666 1188 3722 erumperev
1197 3655 1226 3705 et
1238 3649 1330 3728 repul·

300 3733 363 3770 sum
376 3715 451 3771 fame
461 3716 594 3839 coegitin
603 3718 772 3772 deditionem
780 3717 889 3786 venire,
904 3719 1013 3798 ipslque
1023 3724 1052 3773 et
1060 3718 1188 3772 omnibus
1196 3717 1330 3773 militibus

301 3784 363 3865 eius
375 3784 496 3865 ignpvit,
535 3785 656 3866 arusiam
665 3786 751 3865 diruit
755 3786 955 3865 ,redactisque
968 3803 998 3866 ¹¹?
1006 3792 1175 3856 potestatem
1185 3803 1264 3866 suam
1274 3802 1330 3840 om-

301 3852 385 3907 mbus
404 3854 534 3933 ,diversae
554 3859 643 3925 partus
661 3855 829 3911 exercrtrbus
846 3854 953 3910 bellum
971 3861 1042 3911 citra
1058 3855 1146 3909 ullum
1164 3871 1331 3927 sangumem

300 3922 433 3977 cmm
699 3993 933 4038 nrumcxxvu.

354 4058 453 4141 Parthi
470 4058 611 4131 Labieno,
624 4061 678 4142 ,qui
694 4059 931 4143 Pompeiauarum
949 4059 1071 4133 partium
1087 4060 1193 4142 fuerat,
1213 4060 1283 4115 duce
1302 4060 1331 4113 iu

301 4128 1332 4269 idlffiltffittttttttflilittllMtlttMtM

302 4264 509 4331 successuram
520 4267 675 4339 gerendum
689 4272 710 4339 [.
721 4306 728 4323 .
738 4271 758 4338 .]
773 4285 858 4325 uxore
872 4267 985 4338 Fulvia,
1000 4284 1036 4324 ue
1050 4267 1216 4323 concordiae
1230 4266 1332 4321 dueum
