3384 4975
484 528 601 583 ursus
617 527 777 596 xxxxn,
796 526 895 581 11.12.
914 530 954 594 [a.
965 526 1065 584 orta
1077 528 1139 598 172]
1282 516 1324 583 at

299 689 365 752 silis
382 709 493 751 necem
502 685 649 751 Demetri
665 684 712 747 fili
724 683 845 748 rettulit
861 683 1057 748 adversantis
1066 685 1212 751 Romano
1224 688 1325 754 bello:

298 783 527 846 Bastarnarum
545 790 673 863 gentem
692 777 829 840 excitam
842 776 972 840 sedibus
990 778 1066 854 suis,
1084 800 1219 862 quorum
1233 783 1324 847 auxi·

298 877 348 940 liis
365 877 466 939 fretus
487 874 523 937 in
543 872 671 934 Italiam
694 869 855 946 transiret3
882 869 961 934 haec
980 893 1053 934 eum
1074 874 1270 940 volutantem
1290 877 1323 941 in
1341 896 1356 942 5

299 970 406 1033 animo
428 986 616 1051 oppressum
637 964 859 1047 fatoregnum
877 963 906 1027 ei
922 963 1104 1045 reliquisse,
1126 987 1222 1046 quem
1243 969 1324 1035 infe·

300 1061 474 1125 stissimum
496 1080 566 1122 esse
588 1056 737 1121 sensisset
759 1055 924 1119 Romanis.
967 1056 1076 1139 itaque
1092 1056 1213 1124 Persea
1233 1061 1324 1126 here·

301 1154 450 1218 ditarium
464 1149 515 1237 [a]
533 1163 623 1235 patre
640 1150 785 1214 relictum
802 1149 923 1213 bellum
940 1160 973 1214 et
991 1149 1085 1215 simul
1103 1173 1177 1215 cum
1193 1153 1324 1236 imperio

298 1247 451 1311 traditum
471 1246 536 1309 iam
558 1244 682 1329 pridem
703 1244 788 1308 alere
810 1265 848 1308 ac
875 1242 985 1309 fovere
1007 1245 1155 1310 omnibus
1173 1247 1324 1331 consiliis.

298 1342 411 1404 florere
428 1351 593 1425 praeterea
609 1337 784 1414 inventute,
802 1359 899 1419 quam
918 1337 1047 1421 stirpem
1065 1336 1163 1424 longa
1180 1362 1244 1425 pax
1258 1341 1324 1404 edi-
1343 1361 1357 1407 6

298 1434 389 1509 derit,
406 1433 519 1497 florere
531 1432 645 1518 opibus
659 1432 761 1516 regni,
779 1431 892 1497 florere
906 1431 1001 1496 etiam
1015 1443 1127 1497 aetate.
1156 1454 1238 1516 quae
1252 1457 1324 1498 curn

269 1581 274 1586 .
298 1528 438 1614 corporis
455 1527 569 1591 robore
587 1549 625 1590 ac
642 1526 764 1591 viribus
781 1525 901 1611 vigeat,
920 1526 1062 1590 animum
1080 1549 1149 1592 esse
1166 1529 1323 1592 invetera-

297 1635 366 1686 tum
375 1621 498 1685 diutina
513 1631 580 1685 arte
597 1631 693 1703 atque
706 1642 768 1684 usu
786 1620 871 1684 belli.
898 1619 963 1684 iam
979 1620 1055 1684 inde
1069 1644 1090 1684 a
1106 1643 1206 1705 puero
1224 1623 1322 1707 patris
1342 1643 1355 1688 r

297 1714 503 1779 contubernio
513 1715 666 1779 Romanis
685 1735 813 1798 quoque
830 1714 933 1790 bellis,
951 1737 1016 1779 non
1029 1715 1182 1779 finitumis
1200 1724 1324 1779 tantum

297 1809 474 1886 adsuetum,
492 1809 625 1874 missum
643 1831 662 1872 a
679 1820 769 1893 patre
785 1807 820 1872 in
838 1808 1056 1894 expeditiones
1075 1810 1190 1875 multas
1204 1811 1324 1874 varias·

296 1925 369 1986 que.
411 1903 476 1967 iam
494 1925 535 1967 ex
556 1924 620 1985 quo
642 1903 711 1987 ipse
729 1903 906 1988 accepisset
921 1925 1071 1989 regnum,
1098 1905 1212 1980 multa,
1239 1925 1322 1986 quae
1341 1922 1356 1968 8

295 2018 360 2061 non
376 1997 419 2073 vi,
437 2016 502 2059 non
520 1997 594 2060 dolo
603 1995 774 2080 Philippus
792 1997 899 2061 omnia
917 2008 1066 2081 expertus
1084 1998 1239 2081 potuisset
1255 2020 1324 2060 mo-

296 2089 362 2164 liri,
385 2088 571 2152 admirando
592 2111 698 2153 rerum
722 2111 871 2153 successu
889 2090 1038 2154 tenuisse.
1087 2090 1260 2155 adcessisse
1282 2091 1324 2155 ad
1343 2108 1356 2154 9

296 2182 380 2247 vires
398 2204 479 2259 eam,
497 2201 581 2264 quae
598 2181 696 2266 longo
714 2192 857 2266 tempore
874 2183 982 2246 multis
1001 2183 1190 2266 magnisque
1203 2183 1324 2247 meritis

295 2287 469 2362 pareretur,
488 2273 719 2342 auctoritatem.

360 2370 442 2434 XII.
466 2369 551 2435 Nam
569 2382 648 2456 aput
663 2369 819 2437 Graeciae
837 2382 934 2456 atque
942 2372 1041 2437 Asiae
1060 2371 1204 2437 civitates
1221 2371 1323 2436 vereri
1342 2388 1355 2433 1

296 2465 494 2529 maiestatem
511 2463 580 2530 eius
598 2487 718 2531 omnes.
745 2490 804 2531 nec
820 2489 881 2552 pro
899 2467 1014 2551 quibus
1033 2467 1164 2543 meritis,
1181 2489 1238 2551 pro
1258 2488 1323 2549 qua

296 2557 512 2623 munificentia
530 2569 654 2621 tantum
672 2560 702 2623 ei
720 2561 887 2637 tribuatur,
907 2583 1045 2636 cernere,
1063 2583 1123 2624 nec
1141 2561 1246 2624 dicere
1263 2581 1322 2643 pro

297 2661 384 2718 certo
402 2672 511 2736 posse,
533 2662 640 2715 utrum
658 2651 809 2717 felicitate
827 2653 861 2716 id
878 2656 1017 2735 quadam
1035 2655 1103 2717 eius
1121 2654 1253 2726 acmdat,
1272 2676 1322 2728 an,
1341 2669 1357 2715 2

297 2745 384 2829 quod
402 2745 471 2830 ipse
489 2755 636 2810 vereatur
653 2745 769 2822 dicere,
786 2746 907 2811 invidia
924 2747 1077 2811 adversus
1094 2747 1257 2810 Romanos
1274 2746 1323 2809 fa-

296 2862 406 2905 vorem
428 2838 474 2903 illi
496 2840 651 2905 conciliet
694 2840 778 2905 inter
799 2841 886 2926 ipsos
905 2862 1033 2925 quoque
1050 2863 1143 2927 reges
1159 2839 1322 2926 ingentem
1340 2858 1355 2904 3

297 2936 485 3000 auctoritate
499 2932 615 3021 [esse];
634 2934 763 3001 Seleuci
779 2936 878 3000 filiam
896 2936 1026 3002 duxisse
1040 2960 1112 3001 eum
1129 2958 1195 3001 non
1211 2947 1322 3022 peten-

295 3041 370 3106 tem,
388 3030 445 3095 sed
462 3030 597 3115 petitum
615 3031 708 3106 ultro,
727 3050 868 3095 sororem
885 3031 1009 3096 dedisse
1027 3031 1161 3096 Prusiae
1178 3032 1321 3116 precanti

296 3133 391 3205 atque
414 3124 531 3202 oranti3
558 3124 733 3189 celebratas
755 3148 825 3189 esse
851 3135 1003 3209 utrasque
1023 3126 1151 3212 nuptias
1177 3127 1354 3210 gratulat

295 3217 379 3281 tione
398 3215 461 3303 [et]
480 3218 571 3283 donis
588 3218 868 3285 innumerabilium
892 3220 1087 3305 legationum
1106 3229 1137 3283 et
1158 3220 1245 3283 velut
1263 3242 1320 3284 au·

295 3310 435 3396 spicibus
456 3312 671 3394 nobilissumis
693 3314 820 3398 populis
838 3314 990 3378 deductas
1008 3336 1088 3379 esse.
1122 3313 1319 3378 Boeotorum
1338 3331 1352 3376 5

294 3415 439 3488 gentem,
468 3417 627 3489 captatam
653 3406 820 3491 Philippo,
846 3429 1022 3489 numquam
1049 3406 1091 3470 ad
1117 3406 1320 3469 scribendum

296 3497 452 3561 amicitiae
474 3498 588 3561 foedus
606 3498 723 3563 adduci
745 3499 902 3581 potuisse3
924 3499 1026 3563 tribus
1043 3519 1129 3560 nunc
1151 3497 1229 3560 locis
1247 3518 1321 3558 oum

296 3588 416 3650 Perseo
433 3588 547 3651 foedus
563 3588 700 3652 incisum
717 3589 830 3654 litteris
845 3614 925 3665 esse,
942 3610 1007 3652 uno
1016 3588 1147 3663 Thebis,
1166 3586 1264 3651 altero
1279 3587 1321 3650 ad
1339 3605 1353 3652 6

295 3678 480 3756 Posideum,
499 3682 737 3765 augustissumo
753 3694 785 3747 et
802 3684 1018 3748 celeberrumo
1031 3682 1065 3746 in
1082 3680 1210 3765 templo,
1228 3681 1320 3745 tertio

295 3773 443 3860 Delphis.
486 3774 520 3838 in
537 3773 682 3839 Achaico
701 3777 834 3841 concilio
852 3800 927 3842 vero
950 3776 1011 3840 nisi
1035 3775 1178 3840 discussa
1194 3798 1245 3840 res
1263 3797 1321 3859 per
1432 3831 1434 3836 .

295 3890 415 3955 paucos
441 3869 626 3934 Romanum
649 3870 817 3957 imperium
848 3871 1032 3937 intentantis
1058 3880 1155 3945 esset,
1188 3892 1225 3935 eo
1250 3892 1320 3934 rem

294 3984 393 4049 prope
415 3964 600 4041 adductam,
626 3975 663 4029 ut
684 3966 789 4030 aditus
812 3967 842 4031 ei
864 3966 898 4030 in
919 3965 1078 4031 Achaiam
1100 3964 1236 4029 daretur.
1284 3974 1352 4029 att

294 4057 422 4123 hercule
439 4080 514 4122 suos
532 4058 678 4137 honores,
697 4054 914 4127 cuius'merite
930 4060 1049 4124 ineam
1067 4068 1194 4145 gentem
1212 4058 1318 4143 priva·

294 4150 352 4215 tim
364 4174 405 4216 au
419 4154 546 4237 publice
560 4154 623 4218 sint
635 4155 757 4220 maiora
769 4155 823 4220 vix
837 4154 899 4220 dici
912 4164 1029 4240 posset,
1047 4154 1161 4241 partim
1177 4153 1317 4218 desertos

294 4267 352 4329 per
368 4246 524 4316 incultum
543 4270 580 4313 ao
598 4250 849 4335 neglegentiam,
871 4249 987 4335 partim
1005 4248 1159 4314 hostiliter
1176 4247 1317 4313 sublatos
