3384 4975
343 527 405 592 182
543 534 665 604 ‚urana
680 532 836 601 xxxxv,
855 532 897 584 32.
912 531 955 585 33.
975 533 1159 601 [au-e587]

342 692 521 760 ministeriis
539 690 645 774 regiis,
664 689 760 753 etiam
777 689 833 771 qui
851 688 883 750 in
901 686 1113 771 legationibus
1131 688 1270 768 fuerant,
1288 691 1370 760 iussi

343 786 536 854 Macedonia
550 783 703 850 excedere
716 794 811 866 atque
825 783 859 845 in
869 782 996 845 Italiam
1009 785 1069 860 ire3
1089 785 1145 867 qui
1161 807 1226 848 non
1243 789 1370 871 parnis·

310 907 325 952 r
344 895 392 948 set
414 880 562 966 imperio,
588 899 673 943 mors
696 877 892 941 denuntiata
936 878 1024 961 leges
1045 877 1258 944 Macedoniae
1281 881 1370 946 dedit

343 998 417 1043 cum
434 986 523 1038 tanta
540 995 631 1047 cura,
658 983 694 1036 ut
715 992 780 1034 non
797 970 941 1034 hostibus
958 971 1065 1048 vietis,
1094 973 1151 1036 sed
1169 973 1263 1037 sociis
1285 975 1369 1040 bene

341 1071 461 1135 meritis
488 1069 563 1133 dare
589 1068 763 1143 videretur,
790 1076 823 1132 et
847 1087 928 1149 quas
954 1090 995 1132 ne
1016 1091 1094 1132 usus
1116 1069 1248 1152 quidem
1269 1071 1367 1156 longo

342 1177 498 1248 tempore,
526 1162 582 1245 qui
602 1184 685 1224 unus
705 1160 756 1224 'est
778 1160 886 1244 legum
909 1173 1079 1238 corrector,
1106 1162 1300 1246 experiendo
1318 1186 1367 1227 ar·

341 1267 463 1342 gueret.
622 1326 627 1334 ,

307 1373 324 1421 8
405 1350 461 1413 Ab
481 1348 568 1413 seriis
591 1348 686 1412 rebus
707 1346 866 1411 ludicrum
885 1371 925 1413 ex
947 1349 1047 1412 multo
1071 1360 1143 1413 ante
1166 1362 1365 1434 praeparato,

342 1454 374 1508 et
391 1445 424 1507 in
442 1443 541 1506 Asiae
560 1443 703 1507 civitates
722 1453 753 1506 et
776 1443 818 1506 ad
839 1465 930 1527 reges
949 1442 1052 1505 missis
1071 1443 1125 1524 qui
1144 1444 1366 1510 denuntiarent

343 1549 374 1602 et
393 1561 466 1601 cum
484 1537 663 1602 circumiret
680 1537 747 1621 ipse
759 1535 914 1602 Graeciae
933 1537 1075 1601 civitates
1093 1538 1232 1601 inritatis
1250 1540 1367 1623 princi-

308 1654 323 1700 9
341 1633 447 1718 pibus,
465 1654 581 1717 magno
596 1647 751 1717 apparatu
760 1631 948 1716 Amphipoli
961 1633 1046 1696 fecit.
1074 1644 1194 1697 namet
1210 1632 1365 1698 artificum

343 1726 444 1789 omnis
462 1726 597 1810 generis,
616 1726 670 1808 qui
683 1726 838 1790 ludicram
852 1737 951 1789 artem
967 1725 1136 1801 faciebant,
1155 1749 1195 1790 ex
1209 1738 1276 1790 toto
1290 1727 1366 1792 orbe

342 1832 497 1885 terrarum
518 1819 701 1895 multitude,
724 1829 756 1883 et
779 1819 967 1884 athletarum
986 1833 1017 1884 et
1039 1820 1194 1884 nobilium
1211 1842 1366 1904 equorum

342 1915 504 1991 convenit,
531 1925 563 1979 ct
584 1910 758 1998 legationes
776 1935 850 1978 cum
872 1915 1022 1991 victimis,
1051 1926 1082 1980 et
1104 1915 1261 1998 quidquid
1279 1914 1364 1980 aliud

341 2009 474 2072 deorum
491 2008 718 2092 hominumque
736 2031 832 2072 causa
849 2008 918 2073 fieri
936 2009 1060 2093 magnis
1078 2009 1161 2073 ludis
1179 2009 1212 2072 in
1228 2008 1365 2075 Graecia

292 2120 323 2168 10
341 2104 436 2180 solet,
454 2104 498 2167 ita
515 2102 635 2166 factum
654 2113 716 2179 est,
733 2113 851 2166 utnon
867 2102 1136 2186 magnificentiam
1154 2113 1291 2176 tantum,
1311 2101 1366 2166 sed

341 2196 542 2281 prudentiam
559 2197 594 2260 in
612 2196 724 2261 dandis
743 2196 942 2283 spectaculis,
962 2197 1003 2259 ad
1016 2217 1098 2278 quae
1117 2197 1203 2260 rudis
1221 2207 1290 2259 tum
1300 2196 1366 2260 Ro·

292 2309 322 2354 11
342 2290 429 2354 mani
451 2302 554 2367 erant,
581 2291 822 2355 admirarentur.
868 2291 981 2374 epulae
1003 2311 1130 2373 quoque
1150 2290 1365 2374 legationibus

341 2395 471 2466 paratae
490 2393 521 2466 et
539 2385 701 2468 opulentia
718 2396 750 2448 et
768 2407 844 2449 cura
862 2384 984 2448 eadem.
1011 2385 1109 2470 vulgo
1128 2382 1244 2448 dietum
1262 2383 1364 2467 ipsius

342 2475 497 2553 ferebant,
516 2488 547 2542 et
561 2476 742 2542 convivium
759 2477 917 2544 instruere
931 2489 963 2542 et
979 2477 1072 2543 ludos
1090 2500 1202 2563 parare
1220 2476 1365 2543 eiusdem

342 2592 411 2636 esse
429 2570 485 2653 qui
502 2572 627 2636 vincere
645 2572 729 2635 bello
748 2572 852 2636 sciret.

309 2680 322 2727 1
405 2662 578 2728 XXXHI.
614 2664 711 2729 Edito
741 2666 864 2730 ludicro
891 2665 992 2729 omnis
1023 2665 1148 2750 generis
1181 2665 1363 2752 clupeisque

341 2760 440 2823 aereis
454 2759 487 2822 in
501 2782 599 2823 naves
616 2760 760 2845 inpositis
775 2772 880 2825 cetera
893 2760 995 2824 omnis
1012 2761 1137 2844 generis
1153 2784 1241 2824 arma
1255 2783 1364 2825 cumu-

307 2868 322 2913 2
340 2852 405 2914 lata
420 2848 482 2935 [in]
502 2851 664 2936 ingentem
682 2873 841 2930 acervum,
859 2864 1006 2938 precatus
1015 2854 1166 2930 Martem,
1182 2854 1365 2918 Minervam

340 2944 510 3025 Luamque
528 2956 661 3008 matrem
679 2957 710 3010 et
728 2956 848 3011 ceteros
867 2948 953 3024 deos,
973 2948 1087 3030 quibus
1106 2947 1206 3031 spolia
1224 2947 1363 3011 hostium

341 3036 446 3099 dicare
468 3036 518 3099 ius
541 3037 653 3120 fasque
677 3050 738 3115 est,
764 3041 833 3124 ipse
855 3041 1027 3124 imperator
1050 3041 1120 3105 face
1143 3041 1270 3105 subdita
1292 3063 1364 3105 suc-

341 3129 456 3205 cendit,
475 3130 588 3195 deinde
607 3131 845 3198 circumstantes
863 3135 983 3198 tribuni
1000 3135 1135 3199 militum
1154 3156 1211 3218 pro
1226 3157 1259 3198 se
1278 3134 1365 3217 quis-

307 3240 322 3286 3
341 3244 403 3305 que
420 3223 511 3307 ignes
531 3223 740 3290 coniecerunt.
771 3239 881 3293 notata
899 3238 945 3293 est
964 3228 997 3292 in
1014 3228 1068 3291 illo
1087 3239 1244 3291 conventu
1259 3228 1364 3291 Euro·

308 3398 310 3400 Ι
339 3339 400 3401 pae
418 3316 595 3399 Asiaeque,
623 3319 763 3404 undique
780 3323 897 3407 partim
914 3322 956 3387 ad
973 3321 1225 3405 gratulationem,
1248 3321 1364 3405 partim

341 3408 382 3473 ad
409 3412 624 3495 spectaculum
650 3425 812 3479 contracta
834 3414 1054 3490 multitudine,
1081 3414 1174 3479 tantis
1196 3414 1366 3478 navalibus

340 3505 604 3589 terrestribusque
622 3510 812 3573 exercitibus
831 3534 870 3576 ea
887 3511 979 3595 copia
995 3532 1110 3586 rerum,
1130 3531 1167 3573 ea
1184 3507 1288 3572 vilitas
1308 3532 1365 3573 an-

306 3615 323 3663 4
340 3623 453 3677 nonae,
471 3613 507 3665 ut
525 3614 556 3667 et
573 3603 705 3687 privatis
724 3616 755 3669 et
772 3604 953 3671 civitatibus
972 3615 1002 3667 et
1019 3604 1168 3688 gentibus
1187 3603 1272 3667 dona
1290 3603 1364 3666 data

341 3695 492 3779 pleraque
517 3697 585 3760 eius
608 3698 733 3782 generis
756 3698 819 3763 sint
841 3698 882 3762 ab
904 3697 1109 3782 imperatore,
1136 3719 1201 3761 non
1219 3696 1252 3759 in
1270 3719 1365 3760 usum

340 3786 434 3849 modo
467 3800 680 3873 praesentem,
716 3791 773 3855 sed
805 3791 900 3855 etiam
932 3790 1019 3873 quod
1045 3790 1155 3855 domos
1183 3789 1363 3855 aveherent.

305 3880 522 3961 aspectaculo
545 3881 607 3946 fuit
634 3883 663 3948 ei
689 3905 772 3968 quae
798 3894 930 3951 venerat
956 3884 1069 3949 turbae
1094 3907 1159 3949 non
1183 3884 1365 3949 scaenicum

340 3972 443 4055 magis
464 3972 635 4054 ludicrum,
662 4000 726 4042 non
747 3979 919 4043 certamina
941 3978 1106 4044 hominum
1129 3990 1184 4043 aut
1207 3977 1365 4044 curricula

342 4083 509 4145 equorum,
528 4090 624 4153 quam
642 4072 762 4157 praeda
778 4072 990 4138 Macedonica
1008 4075 1125 4150 omnis,
1144 4084 1181 4137 ut
1197 4073 1364 4148 viseretur,

342 4156 486 4238 exposita
508 4173 683 4229 statuarum
704 4166 964 4253 tabularumque,
986 4170 1143 4234 textilium
1160 4178 1192 4232 et
1214 4188 1364 4232 vasorum

340 4269 382 4313 ex
408 4269 485 4315 auro
512 4265 544 4319 et
570 4270 701 4343 argento
723 4271 756 4325 et
782 4283 854 4329 aere
881 4272 913 4329 et
938 4263 1034 4330 ebore
1059 4264 1215 4328 factorum
1241 4257 1364 4346 ingenti
