3384 4975
524 529 642 584 111111
659 528 921 615 1111111111.
942 489 1092 600 [aonio]
1284 516 1325 581 15

299 688 368 752 tiles
392 688 499 752 edixit.
544 686 648 771 plenis
671 684 861 768 religionum
887 684 1000 749 animis
1025 687 1170 773 prodigia
1195 687 1358 773 1111111116

298 781 459 856 nuntiata,
482 780 616 844 Tusculi
642 778 747 842 facem
773 777 917 842 incaelo
944 779 1059 856 visam,
1087 779 1189 846 Gabis
1212 783 1325 848 aedem

297 875 458 961 Apollinis
477 885 510 938 et
526 873 652 956 privata
671 871 815 935 aedificia
833 872 996 955 conplura,
1017 871 1179 939 Graviscis
1197 898 1324 940 murum

297 979 487 1053 portamque
506 965 545 1028 de
564 965 651 1028 caelo
668 974 764 1027 tacta.
810 987 849 1028 ea
866 976 972 1048 patres
990 969 1163 1050 procurari,
1181 971 1228 1032 uti
1244 993 1324 1056 pon-

298 1062 399 1124 tifices
418 1058 623 1134 censuissent,
641 1058 810 1122 iusserunt

363 1153 454 1216 Dum
463 1152 607 1216 consules
620 1152 758 1237 primum
770 1151 950 1237 religiones,
970 1152 1084 1217 deinde
1099 1154 1233 1218 alterum
1248 1157 1324 1221 alte-
1343 1177 1357 1223 r

298 1249 364 1312 rius
381 1270 466 1311 mors
484 1258 515 1311 et
533 1246 660 1310 comitia
678 1257 710 1310 et
728 1245 918 1310 Latinarum
940 1246 1127 1312 instauratio
1149 1248 1324 1332 inpediunt,

298 1342 423 1406 interim
439 1339 477 1405 C.
494 1337 650 1404 Claudius
668 1339 843 1404 exercitum
862 1340 903 1403 ad
916 1340 1088 1417 Mutinam,
1107 1363 1205 1424 quam
1223 1342 1325 1427 Ligu-

297 1458 347 1500 res
365 1434 469 1519 priore
488 1457 571 1498 anno
589 1444 755 1518 ceperant,
781 1433 932 1497 admovit.
977 1446 1050 1499 ante
1068 1436 1209 1498 triduum
1226 1457 1324 1518 quam
1343 1456 1358 1504 8

297 1551 483 1614 oppugnare
506 1538 670 1612 coeperat,
693 1538 855 1612 receptam
874 1551 914 1592 ex
935 1527 1078 1592 hostibus
1097 1530 1216 1593 colonis
1233 1531 1325 1595 resti-

297 1622 366 1705 tuit.
401 1633 473 1686 octo
490 1621 579 1685 milia
595 1621 639 1684 ibi
654 1621 814 1706 Ligurum
832 1621 916 1685 intra
933 1644 1040 1686 muros
1060 1644 1167 1699 caesa;
1186 1624 1323 1688 litterae·
1342 1643 1357 1690 9

297 1738 359 1800 que
376 1715 514 1780 Romam
540 1716 700 1800 extemplo
727 1715 877 1800 scriptae,
905 1715 1021 1798 quibus
1047 1739 1113 1780 non
1133 1717 1229 1780 modo
1255 1740 1323 1782 rem

258 1888 260 1892 Ι
297 1820 479 1895 exponeret,
497 1809 667 1879 sedetiam
684 1808 890 1893 gloriaretur,
909 1831 967 1873 sua
984 1809 1100 1874 virtute
1118 1833 1156 1874 ao
1173 1810 1322 1876 felicitate

296 1905 454 1969 neminem
472 1904 536 1967 iam
554 1902 599 1967 cis
616 1903 710 1987 Alpis
732 1901 857 1966 hostem
874 1903 992 1987 populo
1010 1903 1171 1981 Romam,
1190 1907 1322 1990 agrique

296 2001 494 2082 aliquantum
516 2009 660 2082 captum,
687 1996 742 2079 qui
763 1997 872 2061 multis
895 1998 1023 2061 milibus
1041 1998 1206 2063 hominum
1224 2000 1323 2064 dividi

296 2092 414 2156 viritim
431 2100 548 2174 posset.

361 2184 475 2250 XVII.
502 2182 547 2246 Et
555 2182 605 2245 Ti.
618 2180 826 2265 Sempronius
842 2181 954 2246 eodem
972 2192 1114 2266 tempore
1132 2183 1164 2246 in
1176 2182 1324 2248 Sardinia
1343 2202 1355 2248 1

295 2279 403 2343 multis
431 2277 578 2342 secundis
605 2275 733 2361 proeliis
757 2274 877 2340 Sardos
903 2276 1092 2360 perdomuit.
1142 2277 1357 2360 quindecima

295 2373 382 2437 milia
398 2370 539 2436 hostium
556 2380 629 2434 sunt
651 2391 759 2446 caesa,
787 2391 897 2433 omnes
917 2368 1093 2435 Sardorum
1116 2372 1239 2457 populi,
1267 2372 1322 2455 qui

297 2466 493 2542 defecerant,
520 2465 554 2528 in
580 2464 737 2529 dicionem
763 2463 893 2529 redacti.
938 2464 1138 2550 stipendiaris
1161 2466 1321 2532 veteribus

296 2561 415 2645 duplex
438 2558 575 2643 vectigal
596 2557 787 2642 imperatum
810 2570 1037 2642 exactumque3
1064 2561 1160 2624 ceteri
1182 2561 1323 2625 frumen·

295 2666 365 2718 tum
383 2652 594 2718 contulerunt.
638 2662 752 2735 pacata
769 2652 934 2735 provincia
952 2652 1181 2734 obsidibusque
1199 2676 1240 2717 ex
1257 2664 1323 2717 tota
1341 2671 1356 2717 3

296 2748 400 2812 insula
426 2746 570 2811 ducentis
597 2744 728 2829 triginta
755 2745 893 2829 acceptis
920 2743 1018 2829 legati
1039 2745 1176 2809 Romam
1203 2747 1258 2829 qui
1284 2770 1323 2810 ea

297 2841 478 2907 nuntiarent
495 2838 583 2903 missi
598 2839 716 2922 quique
734 2838 775 2902 ab
795 2848 906 2902 senatu
924 2848 1077 2922 peterent,
1095 2850 1131 2903 ut
1144 2839 1186 2902 ob
1200 2864 1253 2905 eas
1271 2861 1321 2905 res

297 2936 393 2999 ductu
412 2934 617 3019 auspicioque
635 2932 685 2996 Ti.
705 2931 875 3017 Semproni
893 2954 1045 3017 prospere
1067 2944 1174 3019 gestas
1192 2934 1251 2999 diis
1273 2935 1322 2999 in-

297 3028 481 3092 mortalibus
498 3026 599 3091 houos
617 3025 796 3102 haberetur,
814 3025 940 3111 ipsique
954 3026 1118 3091 decedenti
1136 3025 1322 3113 (1111111111-

296 3124 346 3189 cia
363 3122 537 3187 exercitum
559 3143 667 3185 secum
690 3120 858 3205 deportare
879 3121 996 3192 liceret.
1041 3133 1168 3186 senatus
1191 3122 1225 3185 in
1243 3124 1321 3187 aede
1339 3139 1356 3185 4

298 3216 455 3302 Apollinis
477 3216 656 3301 legatorum
678 3214 784 3279 verbis
808 3214 924 3278 auditis
943 3215 1205 3299 supplicationem
1222 3216 1255 3279 in
1273 3216 1321 3279 bi-

297 3311 396 3375 duum
414 3309 563 3385 decrevit,
582 3319 614 3372 et
632 3308 843 3393 quadraginta
858 3308 1031 3373 maioribus
1049 3308 1160 3373 hostiis
1175 3310 1321 3374 consules

297 3407 473 3471 sacrificare
481 3403 583 3479 iussit,
601 3402 652 3466 Ti.
665 3401 890 3488 Sempronium
900 3403 1121 3487 proconsrdem
1133 3404 1323 3468 exercitum-

297 3521 360 3583 que
378 3520 416 3563 eo
435 3519 517 3560 anno
535 3496 570 3559 in
587 3496 750 3580 provincia
766 3517 906 3559 manere.

363 3589 504 3658 Comitia
520 3588 635 3652 deinde
653 3588 791 3651 consulis
812 3588 907 3651 unius
926 3587 1136 3670 subrogandi,
1156 3584 1255 3670 [quae
1272 3583 1321 3671 in]
1340 3601 1356 3649 5

298 3693 372 3749 ante
394 3681 479 3747 diem
504 3679 631 3743 tertium
654 3701 754 3742 nonas
777 3678 914 3743 Sextiles
937 3678 1041 3743 edicta
1063 3689 1167 3755 erant,
1194 3701 1232 3743 eo
1252 3680 1322 3765 ipso

298 3778 350 3842 die
368 3785 442 3840 sunt
459 3772 614 3838 confecta.
658 3770 700 3853 Q.
718 3771 863 3836 Petillius
882 3772 993 3838 consul
1011 3771 1176 3857 collegam,
1194 3773 1249 3855 qui
1267 3796 1322 3837 ex·
1340 3791 1354 3839 o

297 3872 416 3959 templo
434 3867 657 3954 magistratum
674 3866 842 3951 occiperet,
860 3865 978 3930 creavit
997 3863 1035 3930 C.
1054 3866 1219 3932 Valerium
1236 3867 1322 3933 Lae·

297 3968 418 4033 vinum.
444 3963 513 4048 ipse
525 3962 590 4026 iam
604 3961 660 4026 diu
674 3960 809 4045 cupidus
828 3959 1020 4045 provinciae,
1039 3981 1112 4024 cum
1126 3973 1321 4047 opportunae

299 4057 464 4147 cupiditati
487 4056 555 4122 1111
578 4056 701 4122 litterae
723 4055 838 4121 allatae
859 4064 965 4119 essent
981 4054 1119 4140 Ligures
1140 4056 1321 4135 rebellasse,

298 4154 389 4218 nonis
409 4151 584 4217 Sextilibus
605 4151 775 4237 paludatus
799 4150 881 4237 [....
905 4147 1050 4233 senatus]
1072 4148 1182 4213 litteris
1205 4152 1321 4216 auditis

299 4247 453 4311 tumultus
480 4246 548 4311 eius
575 4268 672 4311 causa
697 4245 856 4330 legionem
879 4243 1003 4308 tertiam
1026 4244 1067 4307 ad
1091 4241 1129 4308 C.
1149 4242 1322 4310 Claudium
