3384 4975
347 520 411 587 160
554 529 670 585 arasa
687 525 841 595 xxxxv,
862 525 902 580 11.
917 526 959 579 ra.
979 525 1160 594 [suasae]

311 691 485 779 aprimum
506 688 548 752 ad
569 708 724 771 sororem,
752 683 866 748 deinde
884 682 926 748 ad
947 681 1076 747 fratrem
1099 680 1281 766 amicosque
1302 685 1373 753 eius

345 808 410 850 non
427 783 514 869 prius
533 781 651 846 destitit
667 779 801 856 mittere,
820 801 917 862 quam
939 799 1051 862 pacem
1065 799 1139 840 cum
1155 780 1182 842 ts
1201 779 1374 846 confirma-

312 905 329 952 4
346 889 403 944 ret.
430 886 613 961 suspectum
621 873 819 937 Antiochum
829 872 987 947 effecerat,
1001 872 1088 953 quod
1102 882 1207 936 cetera
1214 873 1371 960 Aegypto

345 972 406 1037 sibi
435 970 551 1034 tradita
575 967 697 1033 Pelusii
728 967 871 1031 validum
896 965 985 1031 relict
973 977 1040 1030 tum
1067 977 1134 1030 erat
1160 968 1369 1051 praesidium.

310 1090 327 1136 5
346 1064 519 1151 apparebat
506 1063 673 1127 telaustra
684 1060 828 1146 Aegypti
845 1060 956 1136 teneri,
974 1070 1011 1125 ut
1027 1081 1100 1124 cum
1118 1061 1222 1138 vellet,
1200 1073 1371 1127 trursum

260 1184 263 1190 ’
345 1157 518 1224 exereitum
525 1155 703 1231 rndueeret
717 1153 820 1219 bello
811 1153 959 1218 mtestmo
970 1175 1042 1217 cum
1056 1153 1119 1219 frat
1106 1164 1153 1218 re
1163 1178 1237 1218 eum
1247 1156 1373 1220 exrtum

345 1253 477 1329 fore,ut
494 1251 559 1315 vict
560 1272 595 1314 or
546 1249 716 1314 tfessus
730 1249 902 1314 certamine
919 1270 1120 1331 nequaquam
1138 1272 1195 1333 par
1204 1251 1273 1313 An
1274 1250 1369 1315 iocho

303 1369 326 1416 >a
345 1347 471 1410 futurus
493 1354 585 1409 esset.
620 1343 699 1409 haec
725 1343 898 1427 prudenter
923 1342 1143 1407 animadversa
1170 1341 1220 1427 [a]
1248 1343 1368 1409 maiore

345 1461 418 1503 cum
436 1438 573 1502 adsensu
595 1437 699 1500 minor
720 1437 818 1500 frater
828 1429 958 1519 ‘quique
977 1457 1050 1501 cum
1067 1458 1105 1500 eo
1124 1447 1212 1500 erant
1235 1459 1368 1523 accepe-

343 1542 432 1608 runt3
460 1553 548 1595 soror
574 1531 748 1615 plurimum
771 1529 907 1606 adiuvit,
932 1552 998 1594 non
1021 1530 1149 1594 consilio
1172 1532 1283 1607 modo,
1311 1532 1367 1595 sed

310 1652 325 1697 7
345 1627 440 1690 etiam
457 1624 613 1710 precibus.
640 1624 747 1706 itaque
762 1623 1032 1689 consentientibus
1046 1624 1166 1687 cunetis
1185 1645 1263 1707 pace
1281 1624 1367 1688 facta

343 1720 580 1784 Alexandream
594 1718 752 1802 recipitur,
761 1741 802 1782 ne
815 1718 1017 1782 multitudine
1027 1719 1154 1801 quidem
1167 1720 1365 1797 adversante,

344 1835 426 1895 quae
443 1811 477 1876 in
493 1812 577 1875 bello
594 1833 659 1875 non
676 1833 733 1897 per
750 1806 948 1876 obsidionem
966 1814 1071 1888 mode,
1090 1814 1147 1876 sed
1166 1813 1261 1877 etiam
1279 1825 1366 1898 post-

344 1928 440 1989 quam
457 1929 477 1970 a
493 1906 659 1970 moenibus
677 1907 861 1970 abscessum
883 1917 944 1981 est,
968 1907 1043 1990 quia
1060 1907 1138 1970 nihil
1155 1930 1195 1970 ex
1212 1907 1364 1992 Aegypto

307 2021 325 2069 8
344 2000 594 2077 subvehebatur,
617 2000 759 2064 omnium
776 2023 883 2068 rerum
902 2002 1072 2065 adtenuata
1089 2002 1197 2086 inopia
1216 2013 1292 2066 erat.
1337 2004 1363 2066 is

344 2117 417 2161 oum
440 2096 551 2160 laetari
569 2095 766 2160 Antiochum
784 2097 975 2161 conveniens
1000 2108 1095 2172 esset,
1124 2099 1150 2160 si
1170 2097 1365 2161 redducendi

344 2188 411 2253 eius
430 2212 527 2254 causa
545 2191 720 2255 exercitum
729 2192 917 2274 Aegyptum
934 2191 1120 2265 induxisset,
1140 2213 1202 2273 quo
1222 2192 1364 2275 specioso

343 2283 434 2346 titulo
457 2284 499 2346 ad
521 2285 622 2348 omnis
640 2285 740 2349 Asiae
762 2297 794 2348 et
812 2283 969 2350 Graeciae
987 2286 1129 2348 civitates
1153 2285 1365 2370 legationibus

342 2377 530 2461 recipiendis
561 2378 736 2461 litterisque
767 2379 961 2443 dimittendis
992 2402 1069 2442 usus
1096 2389 1176 2455 erat,
1209 2379 1287 2442 adeo
1315 2390 1365 2444 est

343 2469 493 2547 offensus,
507 2480 543 2535 ut
556 2472 655 2536 multo
671 2472 774 2537 acrius
788 2472 997 2555 infestiusque
1011 2472 1163 2538 adversus
1174 2473 1253 2537 duos
1268 2496 1364 2557 quam

308 2585 324 2632 9
342 2576 417 2629 ante
434 2566 585 2630 adversus
603 2590 704 2631 unum
721 2578 847 2653 pararet
864 2568 993 2632 bellum.
1040 2565 1186 2652 Cyprum
1204 2569 1362 2653 extemplo

342 2660 477 2724 classem
494 2660 579 2725 misit
586 2686 594 2737 ;
617 2661 686 2746 ipse
708 2662 810 2746 primo
828 2685 903 2726 vere
926 2684 999 2725 cum
1018 2662 1156 2725 exercitu
1175 2662 1363 2747 Aegyptum

293 2772 325 2820 ιο
341 2765 452 2839 petens
466 2755 499 2818 in
510 2752 629 2819 Coelen
641 2754 768 2839 Syriam
781 2756 943 2841 processit.
968 2756 1052 2819 circa
1060 2755 1277 2820 Rhinocolura
1286 2756 1363 2819 Pto-

341 2848 453 2910 lemaei
475 2848 588 2931 legatis
611 2849 777 2933 agentibus
796 2850 929 2933 gratias,
956 2849 1042 2932 quod
1063 2872 1120 2933 per
1138 2873 1211 2913 eum
1228 2871 1363 2934 regnum

341 2940 480 3022 patrium
497 2942 677 3026 recepisset,
696 2943 951 3028 petentibusque,
970 2953 1005 3005 ut
1020 2966 1112 3007 suum
1126 2966 1240 3007 munus
1260 2953 1364 3006 tuere-

342 3046 394 3094 tur
406 3044 438 3096 et
453 3033 568 3097 diceret
587 3036 692 3119 potius
707 3036 784 3119 quid
801 3037 869 3100 fieri
884 3038 978 3101 vellet
992 3059 1088 3120 quam
1106 3038 1204 3101 hostis
1223 3060 1263 3101 ex
1277 3037 1363 3101 socio

293 3144 322 3190 ιι
342 3124 445 3189 factus
464 3127 496 3190 vi
514 3138 609 3211 atque
628 3131 722 3194 armis
741 3141 859 3215 ageret,
878 3133 1050 3216 respondit,
1068 3155 1132 3195 non
1150 3133 1240 3196 aliter
1257 3154 1362 3213 neque

343 3220 476 3284 classem
493 3235 716 3288 revocaturum
733 3246 837 3307 neque
856 3227 1028 3291 exercitum
1045 3227 1282 3299 redducturum‚
1301 3225 1363 3288 nisi

341 3313 402 3376 sibi
420 3325 452 3378 et
468 3325 534 3379 tota
552 3313 661 3401 Cypro
679 3329 711 3382 et
726 3318 858 3382 Pelusio
876 3342 1016 3405 agroque
1040 3321 1095 3403 qui
1118 3321 1201 3384 circa
1217 3320 1364 3383 Pelusia-

342 3428 415 3470 cum
433 3408 549 3472 ostium
566 3410 633 3473 Nili
650 3421 733 3475 esset
751 3412 877 3478 cederet
892 3413 990 3500 [rex],
1010 3414 1156 3496 diemque
1175 3412 1362 3498 praestituit,

339 3500 423 3565 intra
436 3524 533 3585 quam
547 3503 586 3568 de
596 3505 833 3570 condicionibus
847 3509 983 3592 peractis
997 3530 1185 3593 responsum
1194 3507 1360 3591 acciperet.

308 3614 321 3658 1
403 3595 485 3659 XII.
512 3597 690 3681 Postquam
717 3600 783 3665 dies
812 3601 886 3665 data
911 3603 1042 3667 indutiis
1073 3602 1234 3688 praeteriit
1261 3596 1361 3686 [....]

306 3706 321 3751 2
340 3688 565 3773 navigantibus
584 3693 664 3756 ostio
679 3694 744 3757 Nili
762 3695 803 3758 ad
816 3694 992 3771 Pelusium,
1010 3720 1068 3779 per
1086 3696 1211 3759 deserta
1221 3695 1361 3758 Arabiae

340 3779 404 3865 [...
414 3779 500 3867 .]ad
516 3783 696 3868 Memphim
718 3787 913 3865 incolebant,
936 3800 968 3851 et
990 3790 1030 3851 ab
1050 3790 1160 3854 ceteris
1179 3788 1360 3872 Aegyptiis,

339 3877 455 3955 partim
472 3878 644 3955 voluntate,
662 3881 777 3965 partim
794 3893 897 3957 metu,
916 3881 956 3943 ad
974 3881 1211 3947 Alexandream
1230 3881 1362 3945 modicis

304 3964 501 4035 aitineribus
524 3971 695 4036 descendit
739 3976 781 4038 ad
802 3975 1023 4039 Eleusinemt
1011 3985 1207 4062 transgresso
1231 3977 1360 4051 flumen,

339 4058 395 4137 qui
410 4060 500 4127 locus
518 4074 595 4147 quat
596 4075 668 4128 tuor
684 4068 772 4131 milia
789 4069 830 4132 ab
839 4067 1044 4133 Alexandrea
1061 4071 1161 4146 abest,
1181 4069 1280 4154 legati
1295 4069 1361 4132 Ro-

304 4166 323 4213 4
339 4169 424 4211 mam
441 4169 655 4222 occurrerunt.
690 4182 771 4246 quos
789 4183 864 4225 cum
880 4160 1075 4227 advenientis
1095 4165 1263 4228 salutasset
1282 4164 1360 4226 dex-

338 4246 628 4331 tramquePopillio
645 4254 829 4338 porrigeret,
846 4253 981 4319 tabellas
998 4256 1192 4341 eiPopillius
1212 4257 1359 4342 [senatus
