3384 4975
338 491 401 561 152
560 506 678 563 LIBER
695 504 851 574 XXXXV,
872 505 897 557 1.
908 503 936 558 2.
955 505 1064 573 [aue
1075 502 1142 570 586]

304 691 323 738 8
340 666 473 733 tabellas
490 665 610 751 populo
623 663 770 728 ostendit.
797 661 914 744 quibus
928 661 1104 746 conspectis
1118 670 1248 748 repente
1266 661 1380 733 inme·

339 782 410 824 mor
428 758 602 845 spectaculi
618 757 756 842 populus
774 756 808 818 in
825 755 967 818 medium
984 754 1132 819 decurrit.
1164 778 1202 820 eo
1221 770 1380 826 senatum

339 855 453 919 consul
471 851 597 919 vocavit
613 850 816 931 recitatisque
834 849 958 913 tabellis
976 871 1017 913 ex
1034 849 1221 915 auctoritate
1239 864 1375 937 patrum

339 970 399 1034 pro
417 946 495 1012 foris
518 945 653 1032 publicis
676 943 876 1007 denuntiavit
912 944 1097 1027 populo,L.
1108 944 1288 1009 Aemilium
1307 948 1379 1013 eol·

306 1067 322 1113 a
341 1044 448 1127 legam
466 1041 565 1126 signis
583 1037 714 1105 oculatis
733 1059 806 1102 cum
825 1059 903 1122 rege
918 1036 1039 1102 Perseo
1056 1060 1233 1124 pugnasse3
1256 1039 1380 1108 Mace·

343 1136 465 1201 donum
481 1135 654 1201 exercitum
671 1154 799 1197 caesum
821 1131 1006 1212 fusumque;
1029 1154 1139 1217 regem
1160 1154 1235 1197 oum
1258 1137 1376 1218 paucis

343 1229 482 1315 fugisse,
504 1229 647 1293 civitates
670 1247 779 1290 omnes
797 1224 1008 1289 Macedoniae
1026 1225 1060 1289 in
1078 1226 1234 1291 dicionem
1257 1231 1376 1313 populi

292 1352 327 1399 10
344 1322 483 1388 Romani
500 1321 634 1386 venisse.
677 1318 728 1383 bis
746 1319 862 1382 auditis
880 1319 999 1383 clamor
1017 1341 1090 1382 cum
1107 1320 1230 1404 ingenti
1252 1323 1376 1406 plausu

343 1427 445 1492 ortus3
462 1414 546 1478 ludis
563 1412 680 1477 relictis
694 1413 808 1476 domus
826 1435 944 1496 magna
960 1435 1035 1497 pars
1051 1411 1216 1477 hominum
1234 1414 1276 1478 ad
1296 1437 1377 1482 con-

292 1538 324 1585 11
344 1509 435 1594 iuges
454 1504 516 1593 [et]
534 1506 650 1570 liberos
668 1507 788 1571 laetum
805 1507 953 1570 nuntium
971 1507 1149 1590 portabant.
1183 1509 1297 1574 tertius
1318 1511 1377 1576 de-

343 1604 445 1667 cimus
464 1601 530 1664 dies
548 1609 616 1663 erat
633 1599 674 1663 ab
693 1622 747 1676 eo,
770 1621 833 1682 quo
851 1601 885 1662 in
902 1599 1095 1664 Macedonia
1111 1614 1294 1686 pugnatum
1313 1616 1374 1669 est

310 1724 324 1770 1
407 1696 452 1759 Π.
478 1693 613 1758 Postero
631 1694 683 1759 die
701 1705 829 1758 senatus
846 1694 880 1756 in
898 1694 985 1758 curia
1002 1694 1146 1770 habitus,
1164 1698 1376 1780 supplicatio·

341 1810 462 1872 necque
485 1788 646 1864 decretae,
674 1799 706 1852 et
734 1799 863 1852 senatus
891 1788 1071 1851 consultum
1096 1788 1218 1851 factum
1244 1802 1310 1865 est,
1336 1804 1373 1855 ut

342 1882 462 1957 consul,
481 1902 561 1964 quos
579 1893 705 1966 praeter
722 1881 836 1945 milites
857 1882 1022 1964 sociosque
1039 1883 1169 1946 navales
1188 1884 1373 1948 coniuratos

308 2002 324 2049 2
342 1974 483 2050 haberet,
498 1975 684 2040 dimitteret:
703 1975 743 2039 de
756 1975 910 2038 militibus
924 1979 1068 2057 socisque
1081 1975 1248 2039 navalibus
1263 1977 1374 2042 dimit-

343 2070 446 2136 tendis
469 2069 654 2145 referretur,
682 2092 755 2134 cum
776 2070 875 2154 legati
896 2069 937 2134 ab
955 2069 996 2133 L.
1015 2068 1154 2133 Aemilio
1177 2071 1325 2147 consule,
1354 2095 1378 2135 a

311 2163 461 2247 aquibus
488 2164 681 2246 praemissus
708 2163 891 2228 tabellarius
918 2173 1014 2239 esset,
1046 2161 1245 2249 [venissent]
1295 2175 1373 2230 ante

344 2257 429 2321 diem
451 2268 577 2321 sextum
593 2257 657 2320 kal.
677 2255 835 2321 Octobres
857 2258 936 2321 hora
953 2257 1020 2321 fere
1038 2259 1178 2322 secunda
1199 2259 1298 2343 legati
1316 2282 1375 2323 ur·

343 2351 418 2415 bem
435 2350 569 2434 ingressi
587 2362 675 2426 sunt3
697 2352 860 2436 ingentem
883 2374 992 2415 secum
1014 2353 1261 2428 occurrentium,
1288 2374 1375 2435 qua·

343 2464 481 2527 cumque
509 2444 613 2521 ibant,
646 2445 969 2529 prosequentiumque
996 2444 1155 2510 trahentes
1183 2446 1310 2512 turbam
1337 2447 1373 2513 in

308 2538 450 2609 ssorum
477 2539 520 2602 ad
545 2539 665 2603 curiam
691 2550 907 2624 perrexeruut.
957 2551 1085 2604 senatus
1112 2540 1194 2605 forte
1220 2542 1254 2604 in
1281 2543 1374 2607 curia

344 2643 425 2709 erat3
450 2654 487 2696 eo
509 2634 631 2718 legatos
650 2634 759 2698 consul
781 2634 966 2698 introduxit.
1010 2634 1056 2697 ibi
1073 2644 1196 2698 tantum
1218 2637 1377 2720 temporis·

342 2726 467 2801 retenti,
486 2728 563 2790 dum
581 2740 775 2811 exponerent
792 2739 930 2810 quantae
948 2728 1055 2812 regiae
1072 2725 1210 2812 [copiae]
1225 2729 1373 2812 peditum

344 2820 551 2902 equitumque
569 2821 713 2895 fuissent,
733 2832 811 2904 quot
827 2822 916 2884 milia
933 2844 973 2885 ex
990 2822 1039 2885 his
1059 2844 1161 2897 caesa,
1180 2832 1258 2904 quot
1276 2833 1374 2907 capta

308 2911 464 2989 aforent,
491 2934 588 2995 quam
609 2936 784 2997 paucorum
808 2914 945 2977 militum
969 2915 1091 2977 iactura
1117 2926 1205 2979 tanta
1230 2914 1374 2981 hostium

344 3016 467 3090 strages
481 3006 577 3081 facta,
595 3027 693 3088 quam
709 3006 825 3091 pavide
837 3030 895 3070 rex
909 3007 1054 3091 fugisset,
1073 3008 1245 3072 existimari
1256 3006 1376 3074 Samo·

344 3098 499 3163 thraciam
521 3098 709 3182 petiturum,
735 3111 879 3185 paratam
903 3101 1036 3164 classem
1055 3101 1095 3164 ad
1113 3102 1374 3185 persequendum

310 3214 430 3268 cesse,
457 3214 561 3276 neque
585 3203 669 3257 terra
686 3216 790 3277 neque
808 3194 889 3258 mari
912 3195 995 3259 elabi
1017 3216 1126 3279 posse,
1155 3195 1267 3259 eadem
1289 3195 1373 3261 haec

343 3286 442 3370 paulo
461 3298 533 3370 post
550 3286 583 3348 in
602 3286 781 3351 contionem
799 3287 936 3375 traducti
954 3300 1183 3374 exposuerunt3
1201 3300 1373 3353 renovata-

344 3401 409 3463 que
426 3380 556 3456 laetitia,
575 3402 648 3445 cum
663 3383 773 3445 consul
791 3383 950 3458 edixisset,
968 3394 1005 3446 ut
1019 3404 1129 3447 omnes
1148 3383 1242 3447 aedes
1260 3405 1372 3447 sacrae

345 3469 552 3560 aperirentur,
570 3497 628 3559 pro
647 3498 680 3540 se
698 3476 834 3561 quisque
852 3499 893 3541 ex
911 3478 1056 3542 contione
1075 3478 1117 3540 ad
1134 3477 1253 3561 gratias
1271 3498 1374 3561 agen·

311 3567 404 3635 udos
428 3568 474 3632 ire
497 3568 559 3644 dis,
585 3570 769 3655 ingentique
796 3571 891 3635 turba
916 3594 981 3635 non
1011 3572 1151 3635 virorum
1176 3570 1286 3646 modo,
1315 3569 1373 3634 sed

345 3661 443 3727 etism
463 3661 654 3727 feminarum
677 3665 819 3730 conferta
839 3662 935 3749 [tota]
954 3667 1033 3730 urbe
1052 3666 1184 3732 deorum
1209 3664 1376 3729 immorta-

310 3756 427 3825 8lium
444 3756 571 3840 templa.
600 3769 728 3822 senatus
747 3770 914 3822 revocatus
932 3759 966 3822 in
984 3759 1104 3822 curiam
1123 3759 1372 3843 supplicationes

346 3850 474 3914 obrem
491 3850 619 3933 egregie
637 3862 761 3934 gestam
775 3851 816 3913 ab
826 3849 867 3912 L.
878 3852 1017 3916 Aemilio
1032 3854 1160 3917 consule
1178 3853 1211 3916 in
1230 3852 1376 3935 quinque·

347 3942 417 4008 dies
435 3942 519 4008 circa
535 3942 642 4006 omnia
658 3943 837 4028 pulvinaria
857 3943 996 4008 decrevit
1017 3943 1180 4029 hostisque
1198 3945 1371 4009 maioribus

313 4056 329 4104 9
347 4035 520 4100 sacrificari
539 4035 639 4099 iussit.
683 4059 781 4102 naves
808 4057 891 4120 quae
916 4037 950 4099 in
972 4036 1081 4103 Tiberi
1102 4049 1232 4124 paratae
1254 4039 1318 4102 inst
1357 4071 1372 4087 -

348 4140 482 4213 ctaeque
500 4130 634 4206 stabant,
652 4140 703 4206 ut,
722 4131 748 4194 si
765 4153 816 4195 res
833 4140 988 4215 posceret,
1006 4130 1040 4196 in
1056 4132 1281 4197 Macedoniam
1299 4133 1375 4195 mit-

295 4244 335 4293 ιο
349 4235 500 4303 torentur,
518 4224 652 4291 subduci
666 4234 696 4290 et
714 4223 748 4288 in
760 4223 926 4290 navalibus
942 4225 1108 4304 conlocari,
1127 4225 1230 4291 socios
1246 4225 1377 4291 navalis

743 4477 752 4506 l
