3384 4975
482 516 646 579 'amsa
661 521 818 591 xxxxv,
838 521 880 575 12.
895 521 937 575 re.
957 525 996 590 [a.
1007 521 1037 579 o.
1048 521 1111 592 ree]
1189 598 1196 605 .
1271 510 1333 581 161

302 681 497 772 consultum]
523 682 678 768 scriptum
699 679 846 745 habentis
869 678 966 745 tradit
988 690 1084 763 atque
1102 680 1244 746 omnium
1265 682 1334 768 pri·

302 802 393 847 mum
408 779 444 843 id
459 779 569 864 legere
585 776 685 841 iubet
712 774 829 858 quibus
846 773 994 859 perlectis
1007 796 1081 839 cum
1099 797 1133 840 se
1151 775 1332 843 considera·
1349 798 1367 846 5

302 886 411 942 turum
425 872 576 938 adhibitis
590 869 711 945 amicis,
729 868 807 953 quid
821 867 1004 934 faciendum
1018 869 1079 935 sibi
1093 880 1177 936 esset
1190 870 1333 948 dixisset,

259 1044 261 1048 ¹
299 966 478 1053 Popillius,
504 986 562 1049 pro
586 973 692 1028 cetera
717 962 889 1048 asperitate
916 962 1029 1041 animi,
1057 962 1148 1048 virga
1174 984 1272 1047 quam
1298 965 1334 1029 in

302 1082 403 1125 manu
425 1058 558 1144 gerebat
579 1055 826 1142 circumscripsit
849 1079 961 1143 regem
983 1078 1020 1121 ac
1046 1057 1250 1143 ‘priusquam
1271 1055 1334 1122 hoc

302 1153 423 1219 circulo
442 1151 592 1217 excedas'
614 1150 719 1235 inquit
740 1150 853 1218 ‘redde
875 1173 1078 1237 responsum,
1102 1152 1228 1218 senatui
1245 1152 1334 1237 quod

301 1247 461 1321 referam?
504 1245 745 1331 obstupefactus
762 1258 829 1310 tam
851 1246 990 1311 violento
1008 1247 1142 1332 imperio
1160 1266 1367 1333 parumpero

302 1363 377 1405 cum
398 1339 601 1417 haesitasset,
628 1339 773 1405 ‘faciam'
795 1340 900 1423 inquit
926 1341 1028 1424 ‘quod
1050 1352 1159 1407 censet
1182 1340 1332 1407 senatus?

301 1444 373 1498 tum
390 1433 520 1500 demum
527 1433 685 1519 Popillius
699 1434 844 1499 dextram
862 1434 931 1520 regi
949 1445 1112 1518 tamquam
1131 1435 1217 1500 socio
1236 1444 1333 1518 atque

301 1528 405 1592 amico
418 1528 568 1613 porrexit.
596 1528 647 1595 die
662 1528 777 1595 deinde
791 1528 882 1593 finita
894 1551 968 1593 cum
982 1530 1171 1597 excessisset
1178 1529 1332 1615 Aegypto
1352 1548 1368 1594 s

302 1623 499 1699 Antiochus,
522 1622 636 1709 legati,
660 1624 831 1689 concordia
849 1622 945 1689 etiam
963 1623 1152 1689 auctoritate
1171 1647 1230 1689 sua
1250 1624 1334 1689 iuter

302 1717 416 1782 fratres
434 1718 574 1795 firmata,
597 1717 681 1784 inter
698 1740 779 1802 quos
802 1718 935 1783 vixdum
953 1729 1146 1785 convenerat
1162 1741 1241 1804 pax,
1265 1715 1334 1802 Cy-

301 1833 396 1896 prum
403 1813 558 1897 navigant
567 1822 599 1876 et
611 1813 696 1888 inde,
715 1834 799 1896 quae
812 1813 876 1877 iam
886 1813 1007 1878 vicerat
1019 1813 1140 1899 proelio
1150 1812 1332 1898 Aegyptias

301 1928 416 1983 naves,
443 1907 577 1971 classem
594 1907 748 1971 Antiochi
771 1907 942 1971 dimittunt.
979 1908 1066 1971 clara
1088 1929 1127 1972 ea
1148 1929 1206 1991 per
1226 1905 1367 1992 gentiss

301 2000 421 2084 legatio
439 1999 515 2075 fuit,
538 2000 626 2082 quod
647 2000 735 2063 haud
757 2000 854 2064 dubie
873 2002 1022 2085 adempta
1039 2001 1201 2064 Antiocho
1219 2001 1334 2086 Aegy-

301 2105 378 2177 ptus
406 2092 538 2157 habenti
567 2093 633 2156 iam
658 2092 882 2175 redditumque
913 2094 1053 2177 patrium
1078 2115 1214 2178 regnum
1241 2094 1334 2177 stirpi

301 2187 481 2252 Ptolemaei
498 2186 613 2251 fuerat.

369 2278 548 2345 Consulum
570 2280 638 2344 eius
661 2279 738 2345 anni
759 2279 842 2345 sicut
865 2279 995 2345 alterius
1017 2279 1121 2345 clarus
1149 2279 1333 2344 consulatus
1352 2295 1368 2341 9

299 2374 421 2459 insigni
438 2373 580 2452 victoria,
597 2374 643 2439 ita
661 2375 789 2440 alterius
805 2375 942 2439 obscura
959 2374 1056 2452 fama,
1074 2375 1150 2458 quia
1167 2373 1334 2439 materiam

301 2490 354 2533 res
372 2468 504 2552 gerendi
525 2491 590 2532 non
608 2467 728 2533 habuit.
763 2469 828 2535 iam
846 2469 984 2555 primum
1003 2493 1075 2535 cum
1093 2468 1272 2556 legionibus
1291 2467 1333 2533 ad
1353 2482 1386 2530 10

302 2561 557 2626 conveniendum
567 2560 683 2648 [diem]
694 2564 784 2640 dixit,
802 2586 867 2627 non
881 2566 1044 2648 auspicato
1063 2565 1218 2648 templum
1235 2560 1335 2627 intra-

302 2656 359 2720 vit.
386 2655 464 2719 vitio
478 2655 562 2719 diem
580 2656 698 2721 dictam
717 2679 786 2721 esse
804 2680 953 2742 augures,
973 2678 1047 2721 curn
1064 2657 1107 2722 ad
1124 2679 1178 2721 eos
1196 2657 1333 2721 relatum

302 2760 361 2827 cst,
381 2748 599 2815 decreverunt.
626 2750 788 2836 profectus
806 2750 992 2817 inGalliam
1005 2750 1088 2815 circa
1097 2750 1227 2818 Macros
1246 2771 1334 2814 cam·
1353 2764 1385 2810 11

302 2866 361 2929 pos
388 2844 430 2907 ad
461 2844 577 2908 montis
605 2843 794 2909 Siciminam
821 2856 853 2910 et
879 2844 1041 2931 Papinum
1068 2844 1184 2910 stativa
1209 2844 1334 2921 habuit,

303 2937 418 3002 deinde
433 2938 517 3002 circa
530 2938 643 3003 eadem
660 2939 732 3004 loca
750 2960 823 3003 cum
841 2939 936 3004 sociis
954 2938 1089 3003 nominis
1099 2938 1209 3004 Latini
1226 2937 1335 3003 hiber·

302 3032 415 3107 nabat3
443 3032 585 3117 legiones
607 3034 787 3110 Romanae,
815 3034 902 3118 quod
924 3034 1002 3099 vitio
1025 3034 1102 3123 dies,
1115 3032 1268 3098 exercitui
1291 3032 1333 3096 ad
1353 3049 1385 3094 12

301 3124 558 3190 conveniendum
573 3127 658 3191 dicta
672 3138 749 3204 erat,
768 3128 892 3194 Romae
906 3139 1098 3193 manserant.
1126 3138 1158 3192 et
1170 3137 1332 3214 praetores
1354 3142 1386 3187 13

302 3228 429 3303 praeter
444 3216 482 3283 C.
491 3219 659 3305 Papirium
675 3219 868 3299 Carbonem,
887 3224 939 3288 cui
954 3222 1103 3289 Sardinia
1121 3233 1281 3299 evenerat,
1299 3221 1334 3284 in

303 3312 484 3397 provincias
501 3313 576 3379 iere.
621 3317 758 3380 eundem
775 3318 825 3381 ius
844 3317 949 3382 dicere
967 3317 1090 3381 Romae
1107 3350 1152 3361 -
1168 3339 1242 3379 nam
1261 3337 1334 3378 eam

303 3427 432 3489 quoque
451 3419 569 3473 sortem
584 3408 867 3475 habebat-inter
881 3411 967 3475 cives
982 3422 1013 3475 et
1027 3408 1212 3495 peregrinos
1226 3418 1334 3492 patres

305 3511 504 3563 censuerant.

370 3588 471 3652 XIII.
489 3593 534 3657 Vt
547 3590 704 3676 Popillius
719 3603 751 3657 et
770 3616 809 3658 ea
825 3594 943 3677 legatio
958 3614 1040 3675 quae
1055 3591 1152 3655 missa
1167 3591 1334 3656 adAntio-
1353 3612 1368 3657 1

302 3683 403 3750 chum
428 3694 496 3747 erat
516 3683 653 3748 Romam
671 3686 774 3762 rediit,
791 3687 923 3763 rettulit,
942 3685 1172 3750 controversias
1185 3685 1267 3749 inter
1284 3707 1336 3750 re·

304 3801 363 3865 ges
388 3776 529 3842 sublatas
553 3800 622 3843 esse
647 3780 886 3863 exercitumque
910 3803 950 3845 ex
971 3780 1124 3866 Aegypto
1147 3779 1180 3843 in
1205 3778 1334 3863 Syriam

304 3872 482 3942 reductum.
509 3883 583 3958 post
598 3873 741 3959 ipsorum
755 3897 868 3960 regum
881 3874 980 3961 legati
995 3884 1161 3950 venerunt,
1179 3873 1333 3938 Antiochi
1352 3897 1368 3944 2

305 3965 405 4052 legati
422 3955 611 4045 referentes,
630 3968 717 4033 omni
735 3968 867 4034 victoria
883 3970 1038 4055 potiorem
1056 3990 1170 4053 pacem
1187 3966 1266 4053 regi,
1285 3991 1336 4033 se-

305 4060 396 4126 natui
418 4081 501 4144 quae
526 4062 712 4147 placuisset,
740 4064 842 4129 visam
866 4085 1002 4149 eumque
1023 4063 1103 4129 haut
1124 4084 1216 4128 secus
1237 4084 1335 4145 quam

295 4152 440 4219 deorum
460 4154 593 4241 imperio
615 4156 795 4242 legatorum
817 4158 1036 4223 Romanorum
1059 4156 1154 4222 iussis
1179 4156 1334 4242 paruisse.

302 4248 456 4330 gratulati
479 4250 615 4317 deinde
637 4252 769 4317 victoria
791 4263 879 4332 sunt,
905 4275 1003 4337 quam
1028 4249 1181 4337 [summa]
1204 4273 1279 4335 ope,
1306 4251 1335 4316 si
1353 4266 1370 4312 3

357 4348 496 4394 1111101111.
1134 4352 1168 4406 11
