3384 4975
419 487 421 490 ι
521 448 640 506 amaa
656 448 812 518 xxxxv,
831 449 873 504 aa
887 449 930 506 aa.
949 452 988 517 [a.
1000 450 1030 506 c.
1042 451 1107 520 1ch
1265 432 1359 536 193*

297 609 475 681 custodiam
492 609 637 686 duceret;
655 608 796 684 comites,
814 608 993 692 pecuniam,
1012 619 1190 693 argentum,
1208 609 1328 676 instru-

297 719 442 774 mentum
459 705 547 789 quod
563 691 697 768 liaberet
712 701 792 766 nihil
811 699 835 786 [
845 748 873 767 ..
892 701 1017 787 Bithys,
1034 703 1118 767 filius
1129 701 1256 790 Cotyis]
1274 727 1325 772 re·
1342 732 1360 781 5

296 801 530 889 gisThracum,
549 795 652 884 [cum]
668 797 832 861 obsidibus
850 797 885 860 in
903 797 1078 862 custodiam
1089 794 1257 863 Carseolos
1276 811 1325 865 est

297 897 424 962 missus.
453 903 576 959 ceteros
594 891 748 976 captivos,
767 890 874 972 quiin
892 889 1052 975 triumpho
1067 891 1154 955 ducti
1173 903 1273 968 erant,
1290 894 1324 957 in

296 1011 458 1055 carcerem
473 986 567 1052 condi
579 985 708 1071 placuit.
733 1005 854 1069 paucos
868 995 941 1069 post
954 984 1021 1049 dies
1035 1007 1133 1068 quam
1150 985 1229 1050 haec
1242 997 1323 1063 acta,
1342 1013 1358 1060 c

296 1077 396 1169 legati
419 1082 460 1146 ab
479 1072 583 1165 Cotye
605 1101 681 1164 rege
704 1079 867 1142 Thracum
895 1089 1064 1155 venerunt,
1079 1079 1259 1163 ¹pecuniam
1282 1079 1323 1144 ad

296 1175 519 1243 redimendum
541 1174 642 1238 filium
661 1173 803 1255 aliosque
821 1172 948 1238 obsides
967 1173 1181 1257 adportantes.
1226 1173 1323 1237 eisin
1342 1201 1358 1246 ⁷

296 1280 443 1334 senatum
459 1268 657 1342 introductis,
676 1277 708 1330 et
721 1267 756 1329 id
771 1267 878 1351 ipsum
893 1267 1072 1352 argumenti
1088 1266 1324 1351 praetendenti-

296 1364 357 1427 bus
375 1362 520 1438 orationi,
538 1382 603 1425 non
622 1383 680 1424 sua
697 1361 861 1426 voluntate
881 1358 988 1444 Cotyn
1006 1359 1089 1424 hello
1106 1360 1225 1424 iuvisse
1243 1360 1324 1425 Per-

296 1479 366 1533 sea,
394 1457 481 1539 quod
498 1455 625 1520 obsides
648 1455 871 1537 darecoactus
894 1464 990 1530 esset,
1018 1455 1260 1537 orantibusque,
1287 1464 1323 1517 ut

296 1573 352 1616 eos
370 1551 471 1636 pretio
477 1598 486 1628 ,
509 1560 666 1632 quantum
682 1549 744 1634 ipsi
762 1549 947 1613 statuissent
963 1558 1083 1633 patres,
1101 1548 1215 1612 redimi
1232 1560 1323 1633 pate-

262 1702 264 1706 .
296 1658 419 1722 rentur,
447 1667 636 1731 responsum
659 1667 699 1708 ex
721 1644 908 1710 auctoritate
930 1655 1059 1708 senatus
1077 1652 1140 1720 est,
1166 1645 1321 1728 populum
1340 1669 1357 1716 3

295 1739 479 1804 Romanum
495 1739 676 1805 meminisse
693 1738 861 1814 amicitiae,
879 1759 962 1820 quae
981 1759 1055 1802 cum
1074 1735 1177 1820 Cotye
1195 1737 1322 1801 maiori-

295 1832 421 1916 busque
439 1833 508 1899 eius
526 1844 557 1899 et
575 1844 671 1918 gente
681 1832 843 1896 Thracum
862 1831 987 1896 fuissetr
1007 1832 1133 1895 obsides
1152 1831 1242 1896 datos
1262 1831 1321 1896 cri-
1340 1855 1355 1903 9

295 1949 381 2000 men,
398 1948 463 1989 non
481 1926 619 1990 criminis
637 1926 856 1990 defensionem
871 1947 952 1999 esse,
971 1948 1043 1990 cum
1053 1925 1215 1989 Thracum
1232 1926 1321 2011 genti
1402 1967 1404 1970 >

295 2042 337 2084 ne
356 2019 483 2102 quietus
501 2020 633 2103 quidem
648 2019 802 2095 Perseus,
824 2019 944 2083 nedum
961 2019 1045 2082 hello
1063 2019 1209 2082 Romano
1228 2041 1322 2084 occu·

294 2123 389 2196 patus
408 2111 566 2176 timendus
584 2112 690 2176 fuerit.
717 2123 859 2177 ceterum
877 2112 937 2176 etsi
947 2108 1047 2194 Cotys
1056 2111 1168 2175 Persei
1185 2112 1321 2196 gratiam
1342 2137 1375 2185 lo

294 2205 497 2290 praetulisset
513 2205 670 2273 amicitiae
688 2207 797 2291 populi
815 2205 968 2281 Romani,
991 2205 1094 2289 magis
1117 2205 1195 2287 quid
1218 2227 1252 2268 se
1275 2205 1324 2268 di-

294 2322 395 2385 gnum
414 2310 498 2365 esset
521 2322 618 2383 quam
642 2301 719 2383 quid
743 2300 856 2365 merito
874 2301 942 2365 eius
959 2301 1028 2365 fieri
1049 2311 1158 2385 posset
1175 2300 1323 2365 aestima-

295 2409 417 2471 turum‚
444 2394 546 2458 filium
572 2405 668 2479 atque
695 2396 822 2461 obsides
851 2395 879 2461 ei
904 2395 1120 2460 remissurum.
1168 2394 1323 2460 beneficia
1343 2415 1374 2461 rr

295 2489 435 2573 gratuita
454 2512 523 2555 esse
540 2490 650 2574 populi
663 2491 799 2555 Romani
805 2516 814 2567 ;
832 2490 969 2576 pretium
988 2513 1098 2555 eorum
1116 2491 1210 2556 malle
1228 2490 1324 2556 relin-

295 2604 394 2665 quere
420 2583 454 2645 in
483 2582 705 2666 accipientium
736 2585 850 2648 animis
877 2606 973 2667 quarn
1006 2606 1155 2669 praesens
1183 2584 1322 2667 exigere.

294 2676 394 2760 legati
411 2686 474 2741 tres
493 2676 656 2751 nominati,
675 2677 769 2741 Titus
788 2676 959 2757 Quinctius
977 2678 1186 2751 Flamininus,
1206 2674 1245 2741 C.
1264 2676 1324 2740 Li-

295 2771 398 2834 cinius
416 2772 534 2847 Nerva,
552 2770 601 2834 M.
622 2768 777 2835 Caninius
793 2771 937 2848 Rebilus,
956 2772 1011 2855 qui
1030 2772 1156 2837 obsides
1174 2772 1208 2836 in
1221 2771 1324 2835 Thra-

296 2865 379 2929 ciam
395 2864 598 2942 reducerent,
626 2875 659 2930 et
676 2866 855 2931 Thracibus
879 2888 1012 2945 munera
1031 2866 1106 2931 data
1122 2866 1157 2930 in
1179 2866 1321 2952 singulos

295 2959 406 3023 binum
433 2961 555 3025 milium
582 2960 681 3025 aeris..
725 2960 841 3046 Bithys
868 2983 943 3026 cum
973 2962 1086 3026 ceteris
1112 2961 1276 3026 obsidibus
1303 2978 1376 3026 ala

296 3050 458 3119 Carseolis
477 3056 648 3122 accersitus
671 3056 712 3120 ad
735 3068 859 3142 patrem
878 3079 952 3121 cum
970 3057 1084 3142 legatis
1103 3056 1228 3121 missus.
1264 3080 1322 3120 na-

297 3169 353 3211 ves
371 3149 478 3232 regiae
500 3162 613 3235 captae
632 3151 671 3215 de
690 3150 938 3229 Macedonibus,
965 3151 1145 3217 invisitatae
1163 3163 1236 3216 ante
1253 3174 1322 3214 ma-

295 3241 482 3326 gnitudinis,
500 3244 534 3307 in
552 3266 664 3329 campo
683 3244 802 3309 Martio
821 3247 997 3311 subductae
1015 3258 1099 3311 sunt.

362 3336 573 3401 XXXXIII.
600 3340 762 3405 Haerente
776 3340 881 3403 adhuc
890 3362 956 3404 non
968 3342 1002 3404 in
1017 3341 1129 3405 animis
1143 3339 1249 3414 modo,
1266 3338 1323 3403 sed
1343 3355 1355 3400 1

295 3451 398 3513 paene
411 3428 445 3491 in
459 3431 558 3495 oculis
571 3432 725 3495 memoria
733 3432 937 3496 Macedonici
955 3432 1116 3515 triumphi,
1134 3432 1175 3494 L.
1186 3431 1322 3494 Anicius

297 3520 520 3599 Quirinalibus
537 3523 745 3607 triumphavit
760 3524 799 3588 de
813 3548 889 3610 rege
901 3524 1019 3589 Gentio
1028 3525 1208 3607 Illyrlsque.
1236 3523 1322 3587 simi·
1342 3540 1358 3587 a

296 3613 341 3678 lia
360 3614 467 3677 omnia
484 3616 587 3698 magis
606 3616 674 3678 visa
691 3616 872 3682 hominibus
891 3638 988 3700 quam
1005 3617 1109 3702 paria:
1132 3617 1236 3680 minor
1253 3614 1329 3700 ipse¹

296 3708 479 3790 imperator,
498 3718 530 3770 et
547 3708 711 3774 nobilitate
721 3711 856 3775 Anicius
875 3734 948 3775 cum
961 3710 1111 3786 Aemilio,
1130 3721 1161 3775 et
1176 3711 1247 3775 iure
1264 3710 1324 3774 irn-

296 3800 378 3887 perii
396 3811 523 3884 praetor
541 3822 614 3866 cum
632 3806 760 3869 consule
779 3807 938 3882 conlatus3
957 3827 1021 3870 non
1040 3803 1178 3871 Gentius
1191 3804 1323 3889 Perseo,

295 3918 363 3961 non
380 3895 482 3980 Illyrii
498 3896 747 3976 Macedonibus,
765 3921 830 3964 non
847 3900 949 3985 spolia
967 3900 1086 3985 spoliis,
1104 3921 1168 3964 non
1186 3899 1323 3984 pecunia

296 3990 467 4075 pecuniae,
494 4014 558 4055 non
585 3992 670 4057 dona
696 3994 786 4059 donis
810 3995 977 4080 conparari
1003 4005 1158 4079 poterant.
1211 3993 1356 4076 itaquea

296 4084 380 4148 sicut
398 4084 621 4172 praefulgebat
637 4087 712 4153 huic
730 4090 909 4174 triumphus
933 4113 1059 4167 recens,
1081 4092 1127 4154 ita
1149 4088 1325 4175 apparebat

298 4177 403 4262 ipsum
418 4201 475 4262 per
488 4203 521 4246 se
537 4181 732 4248 intuentibus
747 4205 952 4268 nequaquam
965 4207 1034 4251 esse
1045 4184 1323 4251 contemnendum.

349 4278 494 4325 tratactu
1149 4286 1185 4337 qq
