3384 4975
539 483 656 568 amna
673 512 829 582 xxxxv,
850 486 1049 581 1·.'[a.c.1os]
1245 485 1310 566 151

279 670 353 734 ,socii
361 685 414 731 nec
422 672 566 738 tamquam
574 665 788 720 hostesdimissi.
806 665 1180 737 Macedoniamprovinciae
1189 667 1309 722 formam

282 748 399 803 redacta
410 744 548 800 Aemilius
561 742 680 811 Paulus,
698 742 922 813 repugnantibus
939 744 1073 798 militibus
1091 744 1177 815 ipsius
1193 750 1310 816 propter

282 825 417 879 minorem
425 822 561 892 praedam
570 825 599 876 et
612 821 821 877 contradicente
832 819 892 874 Ser.
904 819 1028 891 Sulpicio
1039 821 1140 892 Galba,
1154 825 1310 894 triumpha·

282 902 324 955 vit
337 906 366 955 et
379 900 487 955 Persen
501 913 564 950 cum
577 896 667 950 tribus
680 896 746 949 filiis
760 897 838 950 duxit
852 902 917 953 ante
931 914 1048 953 currum.
1084 900 1162 953 cuius
1176 901 1310 970 triumphi

283 978 394 1033 laetitia
407 993 444 1030 ne
458 974 549 1028 solida
562 973 589 1029 ei
604 973 788 1043 contingeret,
807 975 925 1027 duorum
941 973 1062 1029 filiorum
1081 975 1225 1030 funeribus
1242 977 1310 1029 insi-

284 1055 366 1126 gnita
378 1058 430 1122 est,
449 1069 565 1122 quorum
578 1051 691 1105 alterius
700 1068 774 1104 mors
787 1052 957 1121 triumphum
965 1054 1055 1123 patris
1062 1053 1223 1123 praecessit,
1239 1053 1311 1110 alte·

284 1133 343 1185 rius
357 1136 455 1187 secuta
469 1135 519 1185 est.
554 1129 672 1182 lustrum
690 1147 708 1183 a
726 1130 888 1185 censoribus
907 1131 1049 1185 conditum
1067 1137 1123 1200 est3
1140 1148 1226 1186 censa
1244 1135 1311 1184 sunt

285 1209 386 1262 civium
395 1207 489 1277 capita
497 1210 624 1260 trecenta
633 1205 779 1259 duodecim
787 1206 865 1260 milia
875 1207 1037 1278 octingenta
1046 1208 1176 1279 quinque.
1194 1207 1310 1261 Prusias

284 1283 436 1354 Bithyniae
450 1300 498 1336 rex
510 1281 636 1351 Romam,
655 1287 688 1335 ut
705 1281 814 1336 senatui
828 1283 936 1354 gratias
949 1289 1048 1355 ageret
1061 1284 1096 1339 ob
1114 1283 1258 1337 victoriam
1276 1301 1312 1338 ex
1398 1333 1407 1349 ,

284 1360 451 1415 Macedonia
464 1365 582 1428 partam,
596 1359 673 1413 venit
686 1364 715 1413 et
722 1359 896 1414 Nicomeden
908 1359 996 1414 filium
1010 1359 1121 1415 senatui
1134 1361 1313 1416 commenda·

283 1437 332 1492 vit.
358 1454 407 1492 rex
414 1436 515 1506 plenus
524 1435 694 1491 adulationis
703 1435 834 1492 libertum
843 1454 874 1492 se
882 1438 980 1509 populi
988 1437 1108 1492 Romani
1117 1438 1254 1505 dicebat]

714 1653 881 1665 t-—n——

642 1866 784 1948 ΤΙΤΙ
809 1866 960 1947 LIVI

571 2004 632 2064 AB
655 2005 780 2066 vans
802 2004 1024 2065 couniri

657 2201 775 2254 LIBER
792 2200 943 2255 XXXXV.

352 2361 380 2424 Ι.
407 2359 569 2426 Victoriae
589 2357 707 2434 nuntii,
733 2356 775 2439 Q.
793 2356 915 2422 Fabius
934 2366 965 2422 et
982 2356 1023 2420 L.
1042 2355 1199 2422 Lentulus
1218 2367 1249 2422 et
1267 2356 1310 2438 Q.
1330 2380 1344 2426 1

282 2454 458 2534 Metellus,
475 2464 595 2537 quanta
611 2454 714 2539 potuit
731 2452 876 2519 adhiberi
893 2451 1052 2517 festinatio
1058 2500 1067 2530 ‚
1086 2452 1228 2519 celeriter
1245 2452 1313 2518 Ro-

288 2541 377 2612 mam
393 2570 466 2611 cum
480 2549 649 2629 venissent,
667 2560 869 2632 praeceptam
887 2559 995 2611 tamen
1010 2548 1077 2612 eius
1094 2550 1141 2613 rei
1158 2548 1312 2613 laetitiam

287 2643 487 2706 invenerunt.
532 2651 645 2724 quarto
662 2652 735 2724 post
753 2642 804 2704 die
822 2662 918 2723 quam
937 2662 1010 2704 cum
1027 2664 1103 2724 rege
1122 2651 1170 2705 est
1186 2661 1312 2725 pugna·
1330 2661 1346 2705 a

287 2747 372 2811 tum,
399 2756 473 2798 cum
494 2733 528 2797 in
546 2733 629 2799 circo
650 2733 720 2796 ludi
741 2733 867 2810 fierent,
894 2756 1038 2797 murmur
1054 2744 1184 2817 repente
1202 2734 1314 2817 populi

271 2840 273 2848 ’
286 2840 354 2893 tota
372 2829 553 2913 spectacula
570 2828 719 2911 pervasit,
738 2838 918 2911 pugnatum
931 2828 965 2891 in
973 2826 1167 2893 Macedonia
1180 2838 1212 2891 et
1224 2826 1315 2890 devi-

287 2935 374 2988 ctum
387 2945 497 3008 regem
511 2944 591 2998 esse,
609 2921 683 2987 dein
699 2921 845 2986 fremitus
859 2921 1002 2998 increvit,
1019 2931 1179 3005 postremo
1194 2921 1314 2985 clamor
1331 2941 1346 2987 a

286 3014 530 3102 plausus[que],
562 3016 650 3080 velut
680 3026 766 3081 certo
799 3015 911 3080 nuntio
943 3015 1093 3079 victoriae
1124 3015 1233 3092 allato,
1264 3024 1313 3079 est

286 3121 426 3175 exortus.
453 3109 561 3175 mirari
578 3110 783 3195 magistratus
801 3121 833 3174 et
850 3130 1002 3192 quaerere
1021 3120 1183 3173 auctorem
1199 3131 1313 3193 repen·
1330 3130 1349 3174 4

288 3205 372 3268 tinae
394 3204 547 3280 laetitiae3
574 3206 629 3287 qui
651 3215 821 3289 postquam
843 3206 951 3269 nullus
969 3214 1050 3280 erat,
1077 3203 1206 3267 evanuit
1224 3202 1315 3285 equi-

289 3298 362 3361 dem
384 3308 548 3381 tamquam
566 3311 670 3362 certae
692 3298 738 3363 rei
761 3299 930 3383 gaudium,
953 3319 1047 3365 omen
1069 3308 1176 3360 tamen
1194 3296 1312 3360 laetum

288 3390 446 3454 insidebat
463 3391 586 3455 animis.
613 3392 700 3474 quod
716 3403 886 3475 postquam
903 3391 986 3455 veris
1003 3390 1121 3453 nuntiis
1136 3388 1218 3452 Fabi
1227 3389 1314 3451 Len·
1332 3408 1348 3453 5

288 3484 411 3565 tulique
438 3496 469 3548 et
494 3485 620 3549 Metelli
646 3485 786 3548 adventu
811 3485 972 3549 firmatum
998 3495 1061 3559 est,
1088 3506 1162 3547 cum
1183 3482 1316 3544 victoria

289 3576 375 3659 ipsa,
407 3587 476 3638 tum
502 3577 635 3660 augurio
662 3577 839 3641 animorum
867 3597 996 3641 suorum
1022 3576 1230 3639 laetabantur.
1283 3583 1349 3639 eto

272 3670 390 3733 altera
415 3669 549 3732 traditur
575 3669 723 3733 circensis
751 3671 863 3734 turbae
890 3691 954 3733 non
980 3668 1084 3731 minus
1112 3667 1220 3731 similis
1247 3666 1316 3730 veri

289 3761 419 3827 laetitia.
446 3774 520 3827 ante
538 3762 623 3826 diem
640 3761 787 3844 quintum
805 3763 965 3827 decimum
982 3762 1135 3826 kalendas
1146 3759 1316 3835 Octobres,

286 3856 440 3921 ludorum
457 3854 675 3920 Romanorum
693 3856 832 3920 secundo
851 3857 912 3932 die,
932 3855 970 3921 C.
989 3855 1115 3920 Licinio
1134 3855 1256 3920 consuli
1272 3854 1314 3917 ad

290 3949 462 4035 quadrigas
494 3950 664 4015 mittendas
692 3950 875 4015 escendenti
901 3949 1100 4025 tabellarius,
1132 3950 1187 4031 qui
1214 3970 1247 4013 se
1275 3970 1316 4012 ex

277 4043 485 4109 ¹Macedonia
506 4044 613 4109 venire
637 4044 770 4122 diceret,
797 4046 953 4111 laureatas
976 4045 1096 4110 litteras
1119 4040 1314 4129 [tradidisse]

291 4137 416 4202 dicitur.
461 4137 624 4223 quadrigis
647 4138 752 4203 missis
775 4139 886 4203 consul
908 4160 1037 4203 currum
1059 4138 1255 4213 conscendit,
1283 4147 1350 4200 etr

279 4253 366 4297 :cum
383 4254 440 4318 per
457 4232 577 4299 circum
594 4233 797 4299 reveheretur
814 4233 857 4297 ad
873 4234 959 4302 foros
976 4230 1136 4317 publicos,
1158 4231 1317 4295 laureatas
