3384 4975
480 477 598 534 LIBER
614 476 772 563 ΧΧΧΧΠ,
790 477 868 532 3-5.
887 477 967 543 [ac.
979 477 1042 547 173]
1232 463 1274 528 31

251 659 361 702 omnes
384 635 575 701 sententiam
596 633 717 709 ierunt,
742 642 779 695 ut
796 654 853 696 eae
870 633 997 717 tegulae
1014 633 1225 718 reportandae
1242 633 1276 699 in

251 730 404 816 templum
423 724 636 815 [locarentur]
654 725 891 810 piaculariaque
909 727 1024 791 Iunoni
1041 728 1161 793 fierent.
1193 750 1276 813 quae
1296 750 1325 797 11

252 824 293 889 ad
310 823 497 908 religionem
514 821 688 905 pertinent,
706 840 780 882 cum
796 839 874 882 cura
891 818 991 894 facta3
1009 821 1133 904 tegulas
1151 822 1276 886 relictas

251 919 285 981 in
311 939 385 981 arca
410 914 538 998 templi,
565 913 641 995 quia
666 911 920 995 reponendarum
942 934 1036 976 nemo
1059 914 1172 980 artifex
1197 915 1278 981 inire

252 1013 408 1075 rationem
425 1006 575 1092 potuerit,
593 1005 809 1090 redemptores
826 1005 1022 1069 nuntiarunt.

319 1102 400 1165 1111.
426 1099 479 1164 Ex
492 1099 702 1186 praetoribus,
720 1098 775 1182 qui
787 1099 821 1162 in
835 1099 1016 1184 provincias
1029 1098 1141 1174 ierant,
1158 1100 1199 1163 N.
1215 1102 1279 1166 Fa·
1298 1125 1310 1170 1

253 1196 327 1258 bius
335 1195 499 1259 Massiliae
516 1193 659 1270 moritur,
678 1214 751 1257 cum
768 1193 802 1257 in
816 1193 993 1259 citeriorem
1003 1193 1196 1278 Hispaniam
1209 1194 1279 1259 iret.

252 1289 361 1371 itaque
379 1311 452 1353 cum
469 1289 503 1352 id
519 1285 700 1352 nuntiatum
716 1285 766 1373 [a]
777 1287 1033 1353 Massiliensibus
1052 1288 1167 1374 legatis
1186 1298 1279 1364 esset,
1299 1312 1314 1357 2

253 1392 382 1446 senatus
404 1382 560 1459 decrevit,
586 1392 623 1445 ut
639 1380 679 1445 Ρ.
697 1381 815 1447 Furius
833 1392 867 1446 et
885 1378 946 1447 On.
965 1381 1135 1458 Servilius,
1162 1383 1280 1466 quibus

253 1476 493 1553 succedebatur,
511 1476 594 1540 inter
611 1497 645 1542 se
664 1476 859 1553 sortirentur,
876 1488 948 1540 uter
965 1477 1141 1542 citeriorem
1159 1476 1279 1562 Hispa·

252 1570 340 1633 niam
362 1581 532 1654 prorogato
554 1568 688 1655 imperio
710 1569 876 1654 optineret.
921 1592 988 1635 sors
1005 1582 1185 1657 opportuna
1207 1570 1313 1645 fuito

254 1661 322 1748 [ut]
331 1662 371 1727 P.
380 1664 497 1729 Furius
510 1663 607 1742 idem,
625 1664 716 1728 cuius
733 1686 771 1729 ea
784 1663 949 1749 provincia
961 1665 1075 1742 fuerat,
1089 1674 1276 1729 remaneret.

316 1759 441 1825 Eodem
455 1781 548 1838 anno,
563 1781 635 1825 cum
649 1760 720 1844 agri
733 1759 897 1846 Ligustini
912 1770 943 1825 et
953 1757 1080 1838 Gallici,
1095 1760 1181 1844 quod
1194 1759 1278 1824 bello

254 1863 383 1938 captum
409 1862 491 1930 erat,
518 1853 716 1937 aliquantum
740 1865 883 1932 vacaret,
911 1864 1039 1919 senatus
1066 1854 1279 1919 consultumst

252 1946 383 2021 factum,
401 1947 478 2010 ntis
492 1968 569 2032 ager
583 1947 700 2014 viritim
713 1947 918 2013 divideretur.
950 1949 1146 2013 decemviros
1160 1948 1194 2012 in
1207 1970 1279 2012 eam
1296 1970 1313 2014 4

254 2037 354 2126 [rem]
374 2063 414 2103 ex
432 2051 561 2104 senatus
583 2042 727 2104 consulto
745 2042 865 2105 creavit
881 2041 925 2104 A.
942 2042 1063 2105 Atilius
1081 2052 1208 2126 praetor
1225 2064 1280 2106 ur·

253 2133 358 2196 banus
374 2133 424 2196 M.
439 2132 615 2197 Aemilium
628 2132 800 2217 Lepidum,
818 2131 858 2197 C.
874 2130 1033 2211 Cassium,
1051 2135 1091 2198 Τ.
1101 2134 1279 2198 Aebutium

254 2224 387 2302 Carum,
406 2223 444 2289 C.
456 2225 672 2303 Tremellium,
685 2226 725 2289 P.
736 2224 923 2290 Cornelium
934 2223 1124 2312 Cethegum,
1143 2226 1186 2308 Q.
1197 2237 1229 2291 et
1238 2227 1278 2289 L.

252 2320 446 2406 Appuleios,
473 2320 522 2384 Μ.
543 2317 735 2398 Caecilium,
760 2318 799 2385 (l.
819 2319 999 2400 Salonium,
1027 2318 1066 2386 C.
1083 2320 1278 2386 Munatium.

254 2414 430 2478 diviserunt
447 2415 530 2480 dena
547 2414 658 2501 iugera
674 2415 709 2479 in
726 2415 884 2502 singulos,
903 2416 1151 2499 sociisnominis
1169 2415 1279 2481 Latini
1296 2433 1313 2482 o

253 2519 353 2573 terna.

318 2600 385 2665 Per
411 2599 498 2665 idem
523 2611 665 2685 tempus,
692 2623 756 2684 quo
787 2603 868 2667 haec
893 2604 1085 2688 agebantur,
1116 2604 1214 2688 legati
1240 2625 1280 2667 ex

252 2693 385 2759 Aetolia
406 2694 545 2758 Romam
566 2705 722 2758 venerunt
750 2694 790 2758 de
817 2694 981 2759 discordiis
1008 2695 1280 2777 seditionibusque

253 2788 336 2864 suis,
362 2798 395 2851 et
417 2787 564 2853 Thessali
585 2787 684 2873 legati
705 2789 901 2866 nuntiantes,
927 2810 1010 2873 quae
1033 2788 1067 2852 in
1088 2788 1281 2854 Macedonia

254 2893 450 2967 gererentur.

319 2976 361 3041 V.
387 2976 526 3041 Perseus
541 2976 661 3041 bellum
674 2976 739 3042 iam
752 2977 825 3042 vivo
838 2988 928 3064 patre
942 2978 1116 3064 cogitatum
1128 2978 1161 3044 in
1174 2978 1280 3044 animo
1300 2997 1313 3042 1

255 3070 403 3147 volvens,
426 3072 528 3135 omnis
550 3092 615 3135 non
632 3072 736 3157 gentis
753 3072 848 3136 modo
868 3071 1023 3139 Graeciae
1028 3120 1038 3150 ,
1062 3074 1118 3138 sed
1136 3073 1279 3139 civitates

255 3163 351 3228 etiam
365 3164 577 3249 legationibus
591 3166 762 3242 mittendis,
776 3166 954 3250 pollicendo
967 3169 1061 3251 plura
1075 3187 1171 3249 quam
1188 3189 1281 3251 prae-

255 3257 384 3334 stando,
402 3258 463 3323 sibi
481 3260 679 3325 conciliabat.
715 3270 805 3325 erant
822 3269 928 3325 tamen
945 3282 1064 3345 magna
1081 3282 1099 3323 e
1116 3271 1206 3345 parte
1224 3261 1281 3324 ho·
1299 3278 1315 3324 2

255 3350 378 3415 minum
391 3354 433 3417 ad
447 3352 589 3418 favorem
603 3353 671 3417 eius
683 3353 825 3418 inclinati
839 3354 946 3431 animi,
961 3366 994 3418 et
1006 3354 1170 3436 aliquanto
1184 3373 1280 3436 quam

240 3445 290 3509 in
306 3443 486 3510 Eumenem
503 3448 738 3532 propensiores,
762 3468 834 3511 cum
853 3446 1008 3512 Eumenis
1030 3446 1194 3511 beneficiis
1211 3468 1282 3507 mu·
1300 3462 1316 3506 3

255 3539 450 3619 naribusque
472 3560 582 3601 omnes
606 3538 763 3604 Graeciae
786 3539 928 3603 civitates
946 3549 978 3601 et
1000 3538 1144 3622 plerique
1165 3536 1282 3620 princi-

257 3651 336 3714 pum
350 3628 483 3711 obligati
497 3640 601 3693 essent
615 3630 702 3693 etita
716 3652 750 3693 se
762 3630 797 3694 in
808 3650 908 3713 regno
922 3652 980 3693 suo
998 3641 1133 3714 gereret,
1151 3639 1187 3692 ut
1199 3648 1283 3710 quae

258 3718 320 3788 sub
347 3720 470 3786 dicione
497 3721 565 3785 eius
588 3720 683 3784 urbes
706 3719 843 3806 [essent]
866 3722 983 3787 nullius
1005 3722 1123 3788 liberae
1146 3720 1282 3787 civitatis

257 3816 419 3881 fortunam
441 3835 550 3880 secum
572 3824 728 3878 mutatam
748 3815 875 3879 vellent.
924 3827 1033 3880 contra
1053 3816 1174 3881 Persea
1195 3815 1316 3880 samar

258 3921 326 3975 erat
339 3920 412 3996 post
424 3909 523 3995 patris
536 3918 670 3973 mortem
683 3930 816 3973 uxorem
829 3932 928 3974 manu
942 3932 1000 3974 sua
1009 3908 1170 3986 occidisse,
1179 3908 1282 3994 Apel-

257 4004 331 4081 lem,
349 4004 528 4069 ministrum
546 4002 708 4086 quondam
725 4002 846 4068 fraudis
864 4002 899 4067 in
915 4003 1012 4068 fratre
1029 4002 1167 4068 tollendo
1185 4012 1281 4086 atque

258 4099 300 4162 ob
309 4098 343 4162 id
352 4109 384 4163 et
393 4095 1011 4184 quaesitumaPhilippoadsupplicium
1021 4094 1282 4182 [et]exulantem,

259 4191 446 4259 accersitum
472 4203 546 4278 post
570 4192 669 4278 patris
695 4203 830 4259 mortem
852 4191 1034 4277 ingentibus
1055 4190 1217 4277 promissis
1239 4189 1281 4254 ad
