3384 4975
538 535 656 590 amun
673 533 816 604 xxxxr,
835 535 861 588 a.
876 535 901 588 a.
922 535 1073 605 [anua
1304 525 1325 589 3

298 694 375 759 alios
392 680 549 759 incertum
567 691 702 766 fecerat,
721 713 761 753 an
780 689 880 753 hostis
898 689 982 754 intra
1000 692 1120 756 vallum
1139 704 1231 759 esset.
1263 718 1327 759 una
1346 717 1360 762 7

296 810 360 852 vox
382 787 572 851 audiebatur
595 784 637 848 ad
658 806 746 847 mare
763 784 963 859 vocantium3
986 784 1019 847 id
1043 786 1123 851 forte
1147 797 1264 854 temere
1285 789 1325 852 ab

296 901 361 945 uno
379 883 594 944 exclamatum
611 876 686 939 totis
704 877 823 959 passim
840 877 1033 960 personabat
1051 880 1171 944 castris.
1215 883 1324 966 itaque
1344 903 1359 951 8

248 992 250 999 ⁴
297 975 400 1060 primo
418 973 507 1035 velut
524 969 603 1034 iussi
621 968 655 1032 id
672 967 777 1032 facere
792 969 888 1052 pauci
902 966 1054 1053 (armati),
1073 972 1173 1035 maior
1187 995 1261 1057 pars
1279 976 1327 1039 in-

299 1087 403 1130 ermes
409 1112 418 1141 ,
442 1065 483 1128 ad
499 1085 588 1128 mare
607 1063 777 1127 decurrunt
783 1087 792 1139 3
816 1062 889 1127 dein
906 1064 1029 1147 plures,
1051 1075 1210 1148 postremo
1228 1090 1326 1152 prope

300 1181 427 1234 omnes,
454 1171 485 1223 et
511 1159 580 1242 ipse
603 1157 730 1232 consul,
758 1179 831 1220 cum
854 1157 973 1221 frustra
995 1179 1145 1223 revocare
1167 1160 1326 1244 fugientes

301 1264 432 1319 conatus
450 1275 510 1317 nec
531 1251 664 1336 imperio
681 1273 741 1316 nec
760 1253 948 1317 auctoritate
965 1275 1024 1317 nec
1045 1254 1194 1338 precibus
1213 1255 1255 1318 ad
1273 1277 1328 1318 ex-

299 1357 437 1412 tremum
458 1346 619 1410 valuisset.
666 1369 750 1410 unus
779 1347 932 1411 remansit
954 1346 1003 1410 M.
1027 1347 1174 1412 Licinius
1199 1347 1327 1424 Strabo,
1347 1366 1360 1412 9

300 1441 446 1506 tribunus
469 1439 606 1504 militum
629 1439 739 1504 tertiae
762 1439 912 1525 legionis,
940 1463 1014 1504 cum
1038 1441 1139 1504 tribus
1163 1442 1262 1527 signis
1286 1442 1327 1505 ab

298 1535 424 1620 legione
442 1557 500 1598 sua
517 1534 656 1598 relictus.
701 1534 787 1597 hunc
810 1535 843 1598 in
861 1553 964 1599 vacua
981 1544 1085 1598 castra
1102 1536 1224 1620 impetu
1241 1535 1326 1600 facto

300 1629 413 1705 Histri,
431 1652 505 1694 cum
522 1629 603 1693 alius
618 1640 758 1693 armatus
771 1628 810 1692 iis
824 1650 918 1693 nemo
932 1630 1061 1694 obviam
1078 1629 1164 1704 isset,
1182 1630 1216 1693 in
1234 1651 1326 1714 prae-

299 1723 379 1786 torio
397 1723 605 1789 instruentem
627 1732 724 1805 atque
747 1722 969 1789 adhortantem
991 1746 1066 1788 suos
1090 1724 1325 1808 obpresserunt.

298 1817 453 1902 proelium
476 1814 614 1881 atrocius
639 1838 736 1899 quam
758 1838 816 1902 pro
838 1818 1000 1902 paucitate
1022 1818 1237 1882 resistentium
1254 1816 1325 1892 fuit,
1347 1837 1377 1883 10

298 1933 358 1976 neo
376 1923 449 1977 ante
467 1911 593 1975 finitum
611 1921 658 1974 est
673 1933 770 1994 quarn
784 1912 930 1976 tribunus
948 1912 1086 1977 militum
1104 1913 1224 1996 quique
1243 1912 1327 1979 circa

299 2024 374 2070 eum
391 2007 597 2071 constiterant
613 2005 772 2069 interfecti
790 2018 873 2070 sunt.
917 2007 1075 2090 praetorio
1094 2006 1226 2082 deiecto,
1245 2005 1327 2070 dire·
1347 2024 1376 2068 11

299 2100 362 2184 ptis
380 2120 463 2181 quae
480 2098 526 2162 ibi
543 2098 687 2174 fuerunt,
711 2099 752 2162 ad
769 2099 986 2180 quaestorium
1003 2099 1108 2162 forum
1126 2099 1327 2183 quintanam·

299 2215 362 2275 que
380 2191 486 2256 hostes
504 2201 726 2277 pervenerunt.
753 2191 799 2255 ibi
816 2214 890 2256 cum
904 2192 1048 2255 omnium
1061 2214 1168 2256 rerum
1182 2203 1326 2276 paratam
1345 2208 1376 2254 12

299 2287 540 2373 expositamque
563 2285 688 2370 copiam
712 2295 744 2349 et
766 2295 881 2350 stratos
904 2286 1003 2350 lectos
1024 2286 1058 2349 in
1081 2286 1261 2369 quaestorio
1277 2285 1327 2348 in'·

298 2381 473 2458 venissent,
500 2381 630 2466 regulus
653 2380 814 2444 accubans
838 2380 961 2466 epulari
985 2379 1098 2465 coepit.
1143 2401 1219 2443 mox
1241 2379 1326 2444 idem
1346 2396 1377 2442 13

300 2476 396 2541 ceteri
413 2498 536 2553 omnes,
555 2498 716 2540 armorum
733 2475 937 2559 hostiumque
955 2474 1057 2551 obliti,
1081 2473 1204 2539 faciunt
1222 2485 1266 2552 et,
1291 2485 1327 2539 ut

299 2570 416 2653 quibus
434 2569 577 2634 insuetus
595 2570 755 2634 liberalior
772 2571 875 2634 victus
893 2580 987 2646 esset,
1006 2570 1130 2634 avidius
1148 2569 1222 2633 vino
1241 2568 1327 2633 oibo-

300 2686 363 2747 que
382 2686 515 2748 corpora
533 2675 674 2728 onerant.

364 2758 428 2821 ΙΠ.
455 2758 669 2840 Nequaquam
687 2756 800 2821 eadem
819 2766 867 2820 est
885 2767 954 2819 tum
970 2756 1018 2821 rei
1035 2755 1138 2819 forma
1157 2754 1243 2840 apud
1261 2755 1327 2820 Ro·
1347 2771 1360 2817 1

300 2873 425 2929 manos3
443 2862 537 2927 terra,
556 2851 636 2915 mari
654 2850 830 2936 trepidatur
836 2875 845 2927 3
863 2850 983 2916 nautici
1001 2850 1206 2915 tabernacula
1220 2851 1328 2918 deten-

301 2946 380 3010 dunt
394 2956 671 3029 commeatumque
685 2946 719 3010 in
731 2946 822 3010 litore
837 2947 1017 3032 expositum
1030 2945 1064 3009 in
1078 2968 1176 3011 naves
1190 2946 1327 3030 rapiunt,

301 3041 414 3105 milites
432 3041 466 3103 in
484 3040 617 3124 scaphas
636 3050 667 3104 et
684 3063 772 3105 mare
790 3041 891 3106 territi
907 3051 1018 3117 ruunt,
1036 3050 1152 3105 nautae
1171 3050 1268 3117 metu,
1287 3062 1327 3103 ne
1346 3054 1360 3099 2

301 3136 519 3219 compleantur
536 3134 678 3219 navigia,
702 3135 756 3198 alii
778 3136 890 3200 turbae
909 3135 1082 3212 obsistunt,
1101 3134 1159 3206 alii
1177 3134 1218 3198 ab
1235 3134 1327 3198 litore

300 3251 398 3293 naves
412 3229 736 3314 inaltumexpellunt.
763 3229 838 3294 inde
847 3240 1017 3306 certamen,
1027 3252 1102 3293 mox
1113 3229 1208 3293 etiarn
1218 3251 1327 3313 pugna
1345 3242 1360 3288 3

301 3345 375 3389 cum
395 3324 580 3388 vulneribus
599 3334 631 3388 et
649 3323 745 3389 caede
769 3324 922 3389 invicem
940 3324 1077 3388 militum
1094 3334 1327 3405 nautarumque

301 3418 415 3493 oritur,
439 3418 540 3483 donec
563 3418 653 3481 iussu
677 3418 814 3483 consulis
837 3419 948 3503 procul
972 3442 991 3482 a
1012 3415 1099 3482 'terra
1121 3416 1230 3480 classis
1252 3416 1328 3478 sub*

302 3521 390 3574 mota
407 3521 464 3574 est.
492 3532 655 3574 secernere
672 3508 748 3575 inde
765 3512 901 3575 inermes
920 3513 961 3573 ab
981 3510 1109 3573 armatis
1127 3507 1242 3591 coepit.
1273 3506 1328 3569 vix
1346 3522 1363 3567 4

303 3604 389 3666 mille
412 3604 540 3667 ducenti
558 3626 599 3667 ex
620 3615 709 3667 tanta
730 3604 948 3679 multitudine,
976 3604 1032 3685 qui
1054 3624 1142 3665 arma
1163 3600 1328 3676 haberent,

303 3695 455 3781 perpauci
478 3696 616 3777 equites,
644 3697 699 3779 qui
723 3716 821 3777 equos
848 3717 958 3759 secum
985 3694 1183 3770 eduxissent,
1209 3693 1329 3757 inventi

303 3799 393 3865 sunt3
420 3799 526 3853 cetera
548 3788 699 3853 deformis
721 3789 815 3853 turba
837 3789 926 3853 velut
946 3788 1084 3852 lixarum
1107 3787 1328 3871 calonumque,

302 3883 422 3969 praeda
439 3882 642 3960 fere-futura,
661 3882 687 3947 si
705 3883 781 3948 belli
797 3881 904 3948 hostes
922 3882 1148 3947 meminissent.
1180 3892 1256 3946 tune
1274 3880 1362 3947 de·5

303 4001 392 4043 mum
410 3978 540 4042 nuntius
559 3978 600 4042 ad
618 3977 743 4043 tertiam
761 3977 919 4063 legionem
937 3976 1151 4043 revocandam
1168 3986 1200 4041 et
1218 3973 1329 4042 Gallo-

303 4097 375 4138 rum
401 4073 609 4158 praesidium,
637 4084 670 4138 et
695 4073 790 4137 simul
817 4096 857 4138 ex
884 4072 1032 4137 omnibus
1058 4071 1136 4135 locis
1159 4070 1200 4135 ad
1226 4082 1330 4135 castra

303 4167 486 4252 recipienda
503 4167 757 4252 demendamque
774 4167 984 4253 ignominiam
997 4165 1093 4231 rediri
1111 4174 1258 4251 coeptum
1272 4175 1327 4230 est.

304 4260 425 4326 tribuni
438 4260 575 4326 militum
584 4261 695 4328 tertiae
708 4261 842 4347 legionis
856 4261 1012 4348 pabulum
1025 4260 1176 4347 lignaque
1185 4258 1327 4344 proicere
1346 4272 1361 4321 6

1129 4359 1164 4411 '¹0
