3384 4975
343 492 407 559 128
530 505 649 560 LIBER
665 502 856 568 mmn,
873 502 976 556 222
992 501 1181 569 {neeffl-

310 686 322 732 1
407 661 544 727 XXIII.
571 660 661 724 Dum
679 662 759 724 haee
776 660 810 723 in
828 660 923 723 Italia
939 679 1110 743 geruntur,
1126 658 1268 723 Perseus
1284 661 1372 742 qnod

342 759 409 822 iam
425 756 609 821 incohatum
625 756 789 840 perlicere,
806 756 884 837 quia
900 755 1034 838 inpensa
1050 753 1209 837 pecuniae
1223 753 1375 820 facienda

342 869 425 927 erat,
447 872 512 914 non
534 849 705 914 inducebat
728 851 763 912 in
780 850 937 922 animum,
959 865 996 910 nt
1014 846 1172 911 Gentium
1189 848 1373 932 lllyriorum

309 967 451 1031 aregem
475 944 535 1008 sihi
562 944 765 1029 adiungeret,
792 942 870 1017 hoc,
896 961 1068 1026 postquam
1092 942 1229 1005 intrasse
1256 943 1372 1006 saltum

341 1040 504 1105 Romanos
519 1055 552 1103 et
566 1038 677 1102 adesse
691 1038 861 1102 discrimen
885 1037 1033 1099 ultimum
1050 1036 1126 1100 belli
1139 1038 1371 1114 animadvertit,

342 1155 406 1197 non
423 1135 508 1197 ultra
524 1132 738 1196 differendum
755 1149 855 1206 ratus,
872 1154 947 1195 curn
957 1127 1046 1216 [per
1056 1130 1211 1215 Hippiam
1229 1132 1371 1217 legatum
1425 1190 1428 1193 ,

341 1247 484 1293 trecenta
502 1228 626 1311 argenti
644 1227 765 1291 talenta
781 1245 895 1311 pactus
913 1245 1008 1300 esset,
1024 1226 1070 1288 ita
1088 1245 1124 1288 ut
1141 1226 1270 1291 obsides
1287 1228 1371 1291 ultro

342 1324 485 1406 citroque
503 1323 665 1396 darentur,
682 1320 907 1385 Pantauchum
924 1321 1011 1383 misit
1028 1343 1071 1384 ex
1086 1320 1249 1384 fidissimis
1260 1320 1372 1385 amieis

307 1438 324 1484 a
342 1417 384 1481 ad
401 1440 441 1482 ca
457 1416 659 1501 perficienda.
685 1415 839 1480 Meteone
847 1414 1036 1479 Imbeatidis
1053 1430 1156 1479 terrae
1163 1414 1371 1479 Pantauchus

341 1510 411 1595 regi
437 1510 547 1594 IllyrIo
573 1509 708 1573 occurrit
715 1534 724 1584 ;
759 1509 805 1571 ibi
832 1529 863 1573 et
893 1510 945 1573 ins
971 1508 1143 1572 iurandum
1168 1509 1212 1572 ab
1238 1531 1316 1594 rege
1340 1523 1373 1573 et

342 1605 470 1669 obsides
489 1604 622 1688 accepit.
668 1604 784 1667 missus
803 1621 834 1667 et
852 1627 872 1666 a
890 1602 1012 1667 Gentio
1029 1619 1078 1667 est
1100 1604 1226 1687 legatus
1243 1605 1371 1668 nomine

344 1698 508 1782 Olympio,
526 1699 583 1780 qui
600 1698 833 1761 iusiurandum
849 1697 999 1761 aPerseo
1013 1697 1206 1779 obsidesque
1219 1698 1371 1783 exigeret.

308 1812 417 1856 rcum
443 1791 557 1855 eodem
587 1791 630 1855 ad
658 1791 828 1876 pecuniam
855 1791 1074 1874 accipiendam
1104 1792 1195 1855 missi
1220 1809 1310 1865 sunt3
1340 1802 1372 1855 et

343 1899 472 1950 auctore
492 1885 697 1960 Pantaucho,
718 1885 775 1967 qui
797 1885 951 1949 Rhodum
971 1886 1070 1969 legati
1093 1908 1167 1949 cum
1184 1885 1372 1950 Macedoni-

308 1980 404 2045 sbus
425 1981 522 2054 irent,
544 1979 716 2043 Parmenio
734 1993 767 2043 et
783 1979 918 2043 Morcus
940 1979 1149 2044 destinantur.
1193 1980 1311 2063 quibus
1327 1979 1372 2043 ita

342 2073 543 2148 mandatum,
566 2087 602 2136 ut
623 2074 845 2138 iureiurando
863 2074 1093 2157 obsidibusque
1111 2093 1143 2139 et
1165 2074 1304 2158 pecnnia
1320 2094 1370 2138 ac·

342 2180 450 2253 cepta,
477 2181 546 2232 tum
572 2168 702 2233 demum
728 2168 882 2233 Rhodum
911 2169 1201 2254 proficiscerentur:
1234 2169 1372 2233 duorum

342 2263 436 2326 simul
458 2285 571 2347 regum
592 2264 721 2327 nomine
742 2264 869 2327 incitari
886 2263 1031 2327 Rhodios
1049 2264 1091 2327 ad
1114 2264 1234 2328 bellum
1253 2264 1372 2328 Roma·

308 2376 324 2422 u
342 2379 421 2419 num
437 2378 542 2439 posse.
569 2355 753 2419 adiunctam
765 2357 936 2432 civitatem,
954 2380 1053 2441 penes
1070 2380 1169 2440 quam
1185 2380 1285 2421 unam
1302 2368 1372 2422 tum

342 2449 388 2513 rei
406 2450 528 2514 navalis
545 2448 649 2534 gloria
665 2462 764 2526 esset,
781 2473 841 2515 nec
858 2462 943 2515 terra
960 2473 1020 2516 nec
1037 2452 1118 2516 mari
1136 2474 1227 2536 spem
1244 2451 1372 2516 relictu-

309 2565 412 2610 rram
440 2543 605 2608 Romanis.
657 2545 858 2609 venientibus
885 2546 1003 2629 Illyriis
1028 2546 1169 2610 Perseus
1199 2547 1241 2609 ab
1267 2544 1371 2631 Elpeo

342 2637 429 2702 amni
451 2661 492 2702 ex
513 2638 624 2703 castris
647 2662 722 2703 cum
744 2638 833 2704 omni
855 2640 998 2722 equitatu
1020 2639 1182 2723 profectus
1205 2640 1247 2704 ad
1269 2639 1371 2704 Dium

308 2733 488 2799 succurrit.
532 2733 578 2797 ibi
604 2755 643 2798 ea
668 2756 752 2817 quae
779 2745 995 2798 convenerant
1021 2733 1216 2798 circumfuso
1242 2733 1370 2818 agmine

342 2827 486 2909 equitum
507 2827 608 2901 facta,
630 2849 710 2909 quos
729 2829 840 2892 adesse
862 2827 984 2892 foederi
1002 2828 1142 2891 sancitae
1160 2850 1234 2891 eum
1251 2822 1371 2891 Gentio

344 2920 503 2983 societatis
521 2920 650 2983 volebat
666 2944 733 2996 rex,
752 2921 951 3003 aliquantum
969 2944 1041 2984 eam
1058 2945 1126 3003 rem
1143 2933 1231 2985 ratus
1249 2921 1371 2985 animo-

310 3031 325 3078 9
343 3014 459 3075 rumis
478 3012 683 3076 adiecturum.
711 3026 743 3078 et
760 3014 888 3078 obsides
905 3015 939 3078 in
957 3028 1130 3100 conspectu
1144 3017 1287 3079 omnium
1305 3013 1372 3079 dati

344 3106 543 3191 acceptique:
570 3119 603 3171 et
623 3106 749 3175 Pellam
775 3109 817 3172 ad
843 3109 1030 3173 thensauros
1057 3111 1163 3194 regios
1188 3108 1294 3173 missis
1315 3106 1372 3191 qni

343 3200 512 3287 pecuniam
529 3201 719 3286 acciperent,
736 3203 792 3284 qui
806 3203 958 3267 Rhodum
975 3204 1057 3269 irent
1074 3226 1148 3268 cum
1161 3205 1267 3288 Illyris
1283 3203 1372 3288 lega·

294 3315 326 3362 10
343 3297 383 3362 tis
402 3295 648 3360 Thessalonicae
666 3297 877 3361 conscendere
895 3297 983 3361 iussi.
1010 3298 1055 3362 ibi
1068 3298 1275 3363 Metrodorus
1292 3306 1371 3372 erat,

343 3391 399 3475 qui
420 3413 523 3475 nuper
545 3390 586 3453 ab
608 3389 723 3455 Rhodo
746 3402 891 3468 venerat,
919 3393 1166 3475 auctoribusque
1188 3391 1319 3456 Dinone
1339 3401 1372 3454 et

341 3485 531 3571 Polyarato,
548 3484 745 3570 principibus
763 3486 898 3551 civitatis
918 3488 1002 3563 eius,
1021 3487 1211 3551 adfirmabat
1227 3484 1371 3550 Rhodios

342 3593 471 3665 paratos
489 3579 531 3644 ad
548 3579 669 3645 bellum
686 3602 766 3645 esse.
805 3580 833 3644 is
851 3580 998 3665 princeps
1016 3581 1143 3644 iunctae
1162 3601 1236 3644 cum
1254 3577 1372 3664 Illyriis

342 3674 510 3760 legationis
529 3674 621 3739 datus
640 3684 698 3739 est.

311 3786 322 3830 1
406 3767 562 3833 XXIIII.
588 3767 714 3833 Eodem
728 3779 870 3853 tempore
886 3779 917 3832 et
931 3769 973 3832 ad
982 3768 1151 3832 Eumenen
1161 3778 1193 3833 et
1206 3767 1248 3831 ad
1257 3765 1374 3830 Antio-

343 3861 438 3925 chum
457 3863 638 3927 oommunia
655 3863 818 3937 mandata,
837 3885 920 3945 quae
939 3863 1083 3926 subicere
1102 3861 1249 3926 condicio
1265 3881 1373 3924 rerum

312 3971 327 4017 2
345 3966 483 4036 poterat:
502 3967 616 4020 natura
633 3955 761 4020 inimica
778 3956 861 4020 inter
879 3978 913 4019 se
931 3978 1001 4020 esse
1019 3956 1152 4020 liberam
1166 3955 1328 4018 civitatem
1341 3963 1374 4018 et

343 4068 462 4130 regem.
505 4049 647 4134 singulos
670 4051 823 4134 populum
845 4049 1028 4114 Romanum
1051 4049 1184 4134 adgredi
1212 4058 1259 4125 et,
1287 4046 1375 4130 quod

343 4137 504 4222 indignius
531 4143 585 4219 sit,
612 4165 725 4227 regum
752 4144 873 4207 viribus
899 4166 991 4228 reges
1019 4165 1216 4228 oppugnare.
1261 4141 1373 4206 Attalo

311 4252 326 4300 3
346 4232 488 4297 adiutore
506 4247 630 4318 patrem
648 4259 741 4300 suum
760 4259 963 4321 oppressum3
986 4237 1132 4302 Eumene
1150 4236 1324 4303 adiuvante
1341 4246 1374 4301 et
