3384 4975
526 548 644 605 amsa
661 547 805 618 xxxam
824 548 925 621 rara.
945 553 984 618 [a.
995 547 1026 604 o.
1036 550 1098 618 174]
1285 538 1326 602 21

302 711 343 775 ab
359 733 435 796 rege
453 711 495 774 ad
513 710 677 774 Romanos
694 704 898 779 revocabant,
917 727 990 768 cunr
1008 707 1148 770 exercitu
1166 707 1329 792 profectus

301 803 362 868 sub
383 805 434 868 ius
459 802 678 882 iudiciumque
701 820 796 862 suum
817 808 917 861 totam
939 799 1043 882 coegit
1068 811 1205 883 gentem.
1254 800 1328 865 inde
1347 821 1362 868 5

301 921 359 982 per
372 895 515 961 Oetaeos
527 905 651 957 montes
669 902 895 974 transgressus,
912 890 1119 974 religionibus
1137 894 1331 975 quibusdam

303 991 411 1053 animo
423 987 571 1062 obiectis,
590 985 733 1050 oraclum
752 984 895 1047 aditurus
909 982 1055 1067 Delphos
1070 987 1220 1049 escendit.
1256 1008 1330 1050 cum

303 1085 338 1146 in
355 1082 461 1146 media
476 1091 607 1165 repente
627 1077 764 1144 Graecia
782 1077 991 1162 apparuisset,
1009 1100 1162 1163 magnum
1179 1102 1244 1143 non
1260 1081 1331 1143 fini-

304 1175 401 1242 tumis
430 1175 525 1238 modo
552 1174 685 1237 urbibus
712 1184 864 1236 terrorem
895 1172 1056 1256 praebuit,
1083 1182 1133 1237 set
1157 1171 1192 1235 in
1217 1172 1332 1236 Asiam

305 1289 433 1352 quoque
457 1268 498 1331 ad
522 1289 632 1352 regem
656 1266 825 1331 Eumenen
851 1266 979 1330 nuntios
1002 1267 1214 1330 tumultuosos
1237 1266 1332 1330 misit.

305 1362 446 1426 triduum
476 1383 542 1424 non
572 1361 644 1446 plus
674 1360 812 1445 Delphis
842 1371 999 1436 moratus,
1031 1381 1088 1445 per
1113 1358 1365 1429 Phthiotidems

303 1455 462 1521 Achaiam
471 1454 735 1536 Thessaliamque
752 1454 820 1518 sine
836 1450 952 1518 damno
974 1453 1153 1536 iniuriaque
1171 1475 1332 1538 agrorum,

304 1574 362 1637 per
378 1572 457 1634 quos
475 1550 536 1614 iter
552 1550 638 1628 fecit,
656 1551 690 1613 in
708 1571 844 1634 regnum
862 1550 964 1614 rediit.
1000 1571 1189 1614 neccarum
1207 1560 1333 1613 tantum
1352 1571 1365 1617 ⁷

304 1643 488 1722 civitatium,
506 1665 565 1729 per
582 1666 662 1728 quas
679 1644 781 1708 iturus
800 1654 883 1719 erat,
901 1643 978 1708 satis
1000 1644 1114 1708 habuit
1131 1644 1254 1708 animos
1272 1643 1332 1707 sibi

267 1738 270 1743 ’
304 1739 486 1817 conciliare3
513 1750 569 1803 aut
593 1739 718 1823 legatos
745 1748 802 1802 aut
826 1738 947 1803 litteras
975 1738 1108 1814 dimisit,
1135 1748 1264 1824 petens,
1291 1760 1332 1801 ne

304 1833 423 1897 diutius
441 1833 655 1910 simultatum,
673 1855 756 1917 quae
775 1855 849 1897 cum
867 1844 957 1919 patre
976 1855 1034 1897 suo
1052 1833 1203 1911 fuissent,
1220 1832 1332 1897 memi-

303 1927 439 1992 nissent:
465 1949 526 1991 nec
551 1927 637 1992 enim
659 1938 725 1991 tam
748 1939 870 1992 atroces
894 1927 993 1992 fuisse
1016 1950 1086 2004 eas,
1112 1939 1236 1992 utnon
1259 1949 1332 1991 cum

303 2022 374 2105 ipso
392 2020 554 2105 potuerint
574 2042 612 2084 ac
631 2020 799 2085 debuerint
820 2021 920 2096 finiri;
947 2044 1056 2086 secum
1079 2021 1209 2105 quidem
1226 2020 1333 2085 omnia
1351 2041 1366 2087 8

304 2114 367 2177 illis
392 2114 518 2198 integra
544 2136 614 2178 esse
641 2112 714 2199 [ad]
740 2115 968 2179 instituendam
993 2115 1128 2178 fideliter
1152 2115 1332 2179 amicitiam.

306 2231 380 2272 cum
405 2208 612 2272 Achaeorum
638 2209 777 2272 maxime
807 2218 904 2293 gente
930 2207 1183 2272 reconciliandae
1212 2208 1334 2293 gratiae

305 2302 390 2365 viam
408 2301 593 2384 quaerebat

369 2394 506 2460 XXIII.
533 2396 626 2461 Haec
647 2418 713 2461 una
739 2419 780 2462 ex
803 2395 890 2460 omni
914 2393 1053 2462 Graecia
1074 2419 1154 2482 gens
1178 2406 1209 2461 et
1230 2395 1366 2461 Athe-1

304 2489 464 2553 niensium
486 2490 597 2555 civitas
621 2513 659 2555 eo
676 2502 875 2575 processerat
891 2491 1026 2568 irarum,
1049 2502 1086 2555 ut
1102 2491 1220 2555 finibus
1238 2491 1335 2554 inter-

307 2582 428 2647 diceret
444 2582 689 2647 Macedonibus.
723 2584 832 2666 itaque
851 2585 986 2653 servitiis
1005 2608 1046 2649 ex
1063 2584 1190 2648 Achaia
1207 2583 1335 2665 fugien-
1353 2604 1368 2649 2

306 2676 394 2741 tibus
415 2677 654 2761 receptaculum
674 2676 869 2741 Macedonia
891 2688 972 2753 erat,
1002 2678 1093 2760 quia,
1116 2698 1191 2740 cum
1217 2676 1335 2739 finibus

307 2772 373 2835 suis
391 2770 645 2847 interdixisseut,
662 2770 781 2835 intrare
798 2771 891 2856 regni
907 2770 1058 2835 terminos
1075 2769 1137 2854 ipsi
1154 2790 1219 2833 non
1237 2770 1336 2833 aude·

307 2865 394 2930 bant.
430 2863 464 2928 id
481 2886 556 2929 cum
572 2864 711 2930 Perseus
729 2864 1012 2942 animadvertisset,
1032 2863 1215 2951 conprensis
1234 2862 1335 2927 omni·
1353 2873 1368 2919 3

306 2959 368 3024 bus
389 2958 513 3024 litterae
536 2955 646 3044 [.....]
691 2969 833 3024 ceterum
858 2982 900 3024 ne
927 2959 1037 3023 similis
1063 2960 1143 3045 fuga
1170 2980 1335 3024 servorum

306 3064 418 3138 postea
434 3053 534 3129 fieret,
553 3052 758 3138 cogitandum
772 3063 804 3117 et
820 3054 883 3117 illis
897 3077 977 3120 esse.
1003 3054 1143 3119 recitatis
1155 3050 1205 3117 his
1222 3050 1334 3116 litteris
1352 3062 1370 3107 4

307 3170 367 3232 per
382 3145 593 3211 Xenarchum
615 3158 809 3232 praetorem,
833 3148 889 3231 qui
910 3149 1054 3233 privatae
1072 3147 1194 3233 gratiae
1213 3147 1335 3211 aditum

307 3252 386 3327 aput
401 3263 512 3327 regem
529 3241 711 3324 quaerebat,
730 3253 763 3307 et
783 3243 944 3327 plerisque
961 3244 1123 3309 moderate
1142 3254 1174 3308 et
1196 3242 1334 3327 benigne

308 3334 440 3426 scriptas
463 3357 532 3399 esse
554 3335 758 3400 censentibus
781 3336 918 3409 litteras,
942 3347 1038 3420 atque
1055 3337 1094 3401 iis
1112 3359 1262 3400 maxume
1279 3334 1336 3417 qui

307 3440 433 3515 praeter
451 3450 541 3514 spem
557 3429 717 3513 recepturi
735 3441 840 3495 essent
858 3430 975 3494 amissa
992 3430 1162 3515 mancipia,
1182 3427 1336 3491 Callicra-
1354 3440 1369 3485 5
1478 3489 1481 3493 .

308 3534 357 3587 tes
379 3521 496 3597 exiis,
522 3522 578 3604 qui
598 3522 633 3585 in
655 3542 694 3585 eo
715 3524 796 3586 verti
819 3523 955 3587 salutem
977 3523 1081 3606 gentis
1105 3521 1283 3595 crederent,
1307 3521 1336 3584 'si

311 3637 384 3680 cum
401 3614 555 3679 Romanis
577 3615 766 3678 inviolatum
786 3615 900 3679 foedus
919 3625 1113 3690 servaretur,
1136 3613 1265 3697 ‘parva’
1289 3614 1338 3677 in-

311 3709 380 3792 quit
397 3713 469 3770 ‘aut
486 3706 654 3771 mediocris
671 3727 737 3782 res,
754 3705 895 3784 Achaei,
913 3706 1106 3790 quibusdam
1123 3706 1250 3771 videtur
1267 3707 1321 3792 agi
1326 3731 1335 3784 ;

312 3824 372 3887 ego
390 3822 576 3872 maxumam
597 3799 882 3885 gravissimamque
900 3801 1043 3866 omnium
1059 3822 1124 3865 non
1142 3799 1195 3886 agi
1213 3811 1335 3865 tantum
1354 3814 1369 3862 6

312 3896 456 3972 arbitror,
475 3894 532 3960 sed
550 3896 690 3978 quodam
702 3897 799 3960 modo
812 3907 917 3962 actam
935 3920 1015 3963 esse.
1042 3921 1117 3962 nam
1135 3898 1190 3981 qui
1206 3897 1335 3983 regibus

311 3990 529 4055 Macedonum
551 3990 850 4073 Macedonibusque
875 3990 953 4077 ipsis
978 3992 1096 4056 finibus
1122 3991 1336 4057 interdixisse-

312 4107 399 4161 mus,
421 4105 613 4167 manereque
632 4081 732 4171 [....]
751 4084 786 4150 id
803 4084 967 4151 decretum
985 4086 1119 4163 scilicet,
1140 4108 1180 4151 ne
1201 4085 1335 4171 legatos,
1355 4102 1368 4145 7

312 4202 353 4245 ne
370 4179 497 4245 nuntios
520 4180 758 4245 admitteremus
776 4203 904 4268 regum,
928 4203 986 4265 per
1003 4202 1082 4264 quos
1100 4180 1278 4264 aliquorum
1296 4202 1336 4245 ex

312 4274 405 4340 nobis
419 4273 517 4339 animi
531 4273 783 4352 sollicitarent-ur,
802 4276 825 4339 ii
840 4275 1074 4341 contionantem
1088 4277 1227 4360 quodam
1240 4273 1336 4337 modo
