3384 4975
392 498 457 564 200
559 506 793 566 ,ΡΕΒΙΟΟΗΑΕ
810 507 1014 565 LIBRORUM
1031 507 1181 563 XLVllll.
1199 509 1234 563 L.

392 649 506 706 umbras
517 648 649 716 volitare,
665 645 823 717 Scipionem
836 647 946 718 vigere,
961 652 990 701 et
998 646 1117 769 ροξιιΙιῙε
1126 646 1269 700 Romanus
1280 664 1313 726 eo
1323 645 1424 705 favore

393 737 455 774 com
476 719 566 786 lexas,
585 722 617 769 ut
634 715 753 770 comitiis
766 715 904 784 plurimae
919 732 982 770 eum
996 715 1030 768 tsi
1052 733 1085 767 us
1098 715 1241 769 consulem
1255 715 1422 785 scrrberent,

393 805 456 843 cum
484 803 517 840 oc
526 802 577 855 per
585 789 708 839 aetatem
717 801 772 839 non
782 783 887 838 liceret.
906 799 969 837 eum
978 782 1179 838 L.Scribonius
1188 783 1318 837 tribunus
1328 784 1424 853 plebis

392 873 424 910 ro
446 855 567 909 ationem
576 852 685 923 promul
707 870 768 908 asse
800 857 832 907 ut
840 851 978 920 Lusitani,
990 850 1169 921 quiinfidem
1178 852 1281 922 populo
1291 851 1424 907 Romano

393 875 669 979 dehtiabServiod
699 919 908 977 bainGalliam
917 923 1071 989 venissent,
1085 920 1114 973 in
1123 920 1283 975 libertatem
1291 921 1423 976 restitue·

392 999 501 1060 rentur,
515 991 553 1044 M.
563 990 634 1045 Cato
644 990 777 1045 acerrime
792 989 888 1044 suasit.
915 995 993 1045 extat
1006 989 1094 1043 oratio
1109 1006 1144 1043 ea
1155 989 1185 1042 in
1199 989 1349 1043 annalibus
1360 989 1424 1043 eius

392 1061 508 1116 inclusa.
536 1058 570 1122 Q.
583 1058 698 1113 Fulvius
712 1057 840 1115 Nobilior
857 1058 896 1124 ei,
915 1074 999 1127 saepe
1014 1058 1050 1113 ab
1065 1073 1099 1112 eo
1113 1058 1141 1110 in
1155 1063 1255 1112 senatu
1267 1058 1420 1126 laceratus,

391 1128 537 1199 respondit
548 1144 599 1198 pro
609 1125 712 1182 Galba.
738 1127 799 1197 ipss
814 1142 924 1197 quoque
934 1125 1039 1194 Galba,
1055 1143 1117 1179 cum
1127 1143 1156 1180 se
1167 1126 1294 1180 danmari
1302 1125 1423 1192 videret,

392 1196 552 1267 complexus
570 1196 639 1249 duos
657 1195 730 1249 filios
767 1199 938 1250 raetextatos
956 1199 984 1248 et
999 1192 1105 1264 Sulpici
1123 1192 1200 1249 Galli
1217 1193 1320 1274 filium,
1339 1194 1423 1247 cuius

391 1271 467 1320 tutor
476 1270 546 1331 erat,
560 1264 602 1318 ita
610 1213 806 1319 miserabiliter
813 1279 865 1344 pro
874 1280 904 1317 se
914 1262 1023 1317 locutus
1032 1268 1083 1331 est,
1096 1267 1130 1327 ut
1139 1263 1249 1334 rogatio
1259 1268 1419 1332 antiquare-

359 1387 363 1394 ,
390 1340 445 1388 tur.
473 1338 569 1388 extant
580 1339 638 1387 tres
652 1333 791 1387 orationes
804 1347 878 1398 erus,
893 1331 966 1386 duae
979 1331 1111 1386 adversus
1124 1330 1262 1386 Libonem
1274 1330 1423 1385 tribunum

391 1401 482 1472 plebis
491 1400 720 1481 rogationemque
730 1401 790 1455 eius
799 1399 913 1454 habitae
923 1400 958 1454 de
967 1398 1119 1468 Lusitanis,
1134 1416 1191 1453 una
1200 1404 1298 1454 contra
1305 1397 1339 1452 L.
1351 1397 1422 1454 Cor-

391 1471 497 1526 nelium
505 1469 670 1539 Cethegum,
679 1487 709 1522 m
718 1485 773 1539 qua
781 1468 933 1522 Lusitanos
942 1484 1029 1538 prope
1038 1485 1067 1522 se
1078 1473 1170 1522 castra
1179 1467 1310 1523 habentis
1320 1484 1422 1522 caesos

391 1539 508 1606 fatetur,
528 1537 602 1607 quod
620 1544 792 1607 compertum
809 1537 951 1604 habuerit,
971 1553 1043 1606 equo
1061 1541 1146 1606 atque
1163 1536 1275 1591 homine
1293 1551 1343 1589 suo
1361 1536 1420 1590 ritu

391 1606 541 1661 immolatis
563 1623 614 1676 per
636 1606 757 1675 speciem
774 1604 857 1685 pacis
881 1605 984 1659 adoriri
1006 1604 1157 1660 exercitum
1178 1603 1305 1658 suumin
1324 1604 1419 1658 animo

391 1675 532 1728 habuisse.
562 1675 716 1728 Andriscus
734 1674 862 1743 quidam,
880 1672 996 1728 ultimae
1014 1673 1095 1727 sortis
1112 1674 1208 1742 homo,
1225 1672 1324 1728 Persei
1340 1690 1372 1728 re
1394 1672 1420 1726 is

391 1743 480 1796 filium
488 1743 582 1797 ferens
593 1747 649 1808 [se]
659 1747 689 1796 et
696 1747 803 1796 mutato
812 1741 925 1796 nomine
935 1741 1081 1865 Philipzus
1090 1747 1214 1810 vocatus,
1225 1758 1289 1795 cum
1300 1741 1337 1795 ab
1346 1759 1380 1794 ur
1402 1759 1417 1796 e

301 1826 303 1830 ·
391 1810 493 1878 Roma,
513 1826 568 1879 qno
581 1810 660 1864 illum
672 1809 831 1865 Demetrius
846 1807 945 1879 Syriae
958 1827 1036 1864 rexo
1069 1811 1145 1865 hooi
1166 1827 1226 1864 sum
1239 1809 1419 1864 mendacium

390 1878 517 1945 miserat,
532 1878 605 1932 clam
613 1878 796 1949 profugisset,
810 1878 905 1931 multis
915 1878 952 1933 ad
960 1877 1061 1933 falsam
1071 1879 1131 1934 eius
1139 1828 1278 1946 faulam,
1293 1877 1418 1932 velutad

390 1964 485 2001 veram
495 1947 668 2014 coeuntibus,
682 1951 824 2001 contracto
834 1947 957 2001 exercitu
964 1947 1252 2003 totamMacedoniam
1262 1952 1311 2001 aut
1320 1947 1416 2001 volun-

391 2020 450 2070 tate
464 2015 643 2071 incolentium
658 2020 707 2069 aut
721 2015 804 2068 armis
813 2015 969 2085 occupavit.
995 2015 1122 2070 fabulam
1132 2021 1225 2071 autem
1234 2015 1321 2070 talem
1330 2012 1418 2069 finxe-

285 2146 287 2150 ,
390 2089 448 2138 rat:
466 2101 500 2137 ex
513 2084 621 2153 paelice
635 2101 664 2139 se
678 2090 708 2138 et
715 2083 819 2139 Perseo
832 2101 899 2155 rege
914 2090 1003 2138 ortum
1017 2084 1150 2138 traditum
1165 2083 1340 2138 educandum
1350 2083 1416 2138 Cre-

390 2152 463 2207 tensi
472 2152 582 2207 cuidam
592 2169 661 2221 esse,
675 2158 707 2206 ut
715 2151 745 2206 in
753 2151 822 2207 belli
832 2169 922 2221 casus,
938 2153 1012 2223 quod
1021 2153 1069 2207 ille
1080 2170 1142 2207 cum
1151 2152 1284 2206 Romanis
1294 2157 1416 2222 gereret,

391 2221 506 2290 aliquod
514 2221 693 2276 velutsemen
703 2220 796 2291 stirpis
805 2220 903 2292 regiae
913 2227 1027 2276 extaret.
1054 2220 1216 2291 Adramytii
1226 2237 1256 2275 se
1266 2221 1416 2274 educatum

389 2306 477 2359 usque
488 2289 524 2343 ad
533 2290 727 2344 duodecimum
736 2289 836 2344 aetatis
846 2307 958 2358 annum,
969 2296 1077 2360 patrem
1087 2306 1150 2344 eum
1159 2306 1218 2344 esse
1228 2289 1386 2343 credentem
1397 2306 1418 2341 a

391 2373 445 2426 quo
454 2357 628 2424 educaretur,
638 2358 767 2427 ignarum
776 2357 886 2436 generis
896 2357 982 2412 iuisse
991 2357 1042 2411 sui.
1066 2356 1414 2423 adfectodeindeeo,cum

389 2441 477 2495 prope
487 2426 523 2479 ad
532 2425 659 2478 ultimum
668 2423 751 2479 finem
762 2431 836 2479 vitae
846 2431 929 2495 esset,
943 2426 1083 2480 detectam
1092 2425 1146 2480 sibi
1155 2425 1269 2480 tandem
1278 2423 1416 2496 originem

390 2511 469 2547 suam
482 2494 629 2564 salsaeque
640 2493 721 2548 matri
735 2493 862 2548 libellum
878 2496 974 2549 datum
983 2494 1063 2567 signo
1072 2495 1170 2550 Persei
1178 2494 1253 2566 regis
1263 2494 1415 2565 signatum,

391 2562 540 2632 quem'sibi
553 2563 691 2631 traderet,
706 2580 770 2617 cum
782 2563 819 2631 ad
832 2563 969 2633 puberem
979 2569 1101 2619 aetatem
1110 2563 1241 2630 venisset,
1252 2562 1416 2617 obtestatio·

389 2647 495 2700 nesque
508 2630 622 2685 ultimas
637 2631 776 2699 adiectas,
791 2637 823 2685 ut
836 2632 919 2687 resin
929 2632 1037 2687 occulto
1047 2632 1084 2687 ad
1093 2632 1121 2685 id
1130 2637 1240 2702 tempus
1250 2635 1415 2686 servaretur,

388 2699 552 2769 pubescenti
569 2699 696 2754 libellum
712 2700 858 2769 traditum,
876 2701 905 2755 in
924 2716 978 2770 quo
995 2700 1086 2756 relicti
1104 2700 1157 2754 sibi
1170 2700 1225 2753 duo
1239 2699 1383 2755 thensauri
1398 2716 1419 2753 a

388 2772 469 2837 patre
485 2768 651 2822 dicerentur.
678 2769 846 2823 tumscienti
855 2769 1000 2825 mulierem
1008 2786 1070 2824 sese
1080 2767 1222 2822 subditum
1231 2785 1305 2836 esse,
1320 2784 1419 2821 veram

389 2836 503 2905 stirpem
516 2836 657 2905 ignoranti
671 2837 791 2891 edidisse
825 2854 894 2891 enus
909 2843 993 2907 atque
1007 2838 1189 2906 obtestatam,
1204 2842 1236 2890 ut
1244 2836 1321 2917 prius
1331 2852 1415 2906 quam

389 2909 516 2959 manaret
525 2904 562 2956 ad
570 2904 716 2958 Eumenen
724 2922 777 2974 res,
818 2922 897 2959 erseo
906 2905 1059 2974 inimicum,
1076 2906 1222 2961 excederet
1232 2905 1364 2973 erslocis,
1379 2921 1418 2957 ne

389 2970 599 3025 interficeretur.
628 2988 661 3026 eo
675 2990 705 3027 se
714 2973 888 3040 exterritum,
903 2973 985 3027 simul
993 2979 1152 3043 sperantem
1163 2972 1418 3044 aliquodaDeme·

388 3038 442 3091 trio
451 3038 597 3107 auxilium,
611 3039 641 3092 in
651 3038 761 3109 Syriam
770 3058 800 3095 se
809 3041 960 3098 contulisse
970 3048 1055 3112 atque
1064 3042 1103 3097 ibi
1111 3042 1243 3113 primum,
1259 3041 1321 3112 quis
1331 3047 1426 3111 esset,

388 3106 483 3175 palam
492 3122 652 3175 expromere
662 3124 767 3161 ausum.

831 3189 971 3230 naama.

439 3241 601 3310 Thessalia,
617 3259 679 3297 cum
689 3250 718 3299 et
726 3244 804 3300 illam
814 3246 945 3302 invadere
956 3248 1039 3302 armis
1050 3253 1132 3318 atque
1143 3265 1211 3303 occu
1232 3265 1278 3303 are
1288 3248 1417 3302 Pseudo·

386 3309 529 3431 philippus
542 3312 640 3392 vellet,
659 3329 709 3382 per
721 3314 748 3368 le
768 3320 831 3393 atos
844 3316 1033 3371 Romanorum
1047 3318 1156 3370 auxiliis
1169 3267 1347 3371 Achaeorum
1366 3317 1414 3371 de-

400 3396 468 3434 ensa
481 3385 531 3434 est.
557 3379 671 3434 Prusias
683 3399 732 3436 rex
766 3383 807 3437 1th
846 3387 891 3439 iae
920 3385 1041 3439 omnium
1054 3386 1324 3454 humillimorumque
1332 3385 1417 3439 vitio·

386 3448 752 3573 albariam
774 3453 1042 3592 ξιιέῗῗέξῗῳὲἷὲἒὲ
1057 3472 1090 3577 33
1111 3472 1128 3534 ·⁰
1138 3453 1416 3577 {restititis

386 3585 518 3663 habuisse
535 3604 621 3641 unum
639 3605 670 3643 os
688 3561 833 3643 continens
852 3591 960 3645 dieitur.
988 3609 1051 3646 cum
1068 3598 1125 3645 tres
1138 3592 1248 3662 legatos
1263 3590 1299 3644 ad
1314 3606 1416 3658 pacem

385 3660 459 3709 mter
467 3654 639 3711 Nicomeden
649 3662 677 3711 et
685 3657 814 3712 Prusiam
823 3657 983 3713 faciendam
993 3659 1030 3711 ad
1038 3659 1180 3714 Romanos
1189 3658 1337 3724 misissent,
1348 3674 1414 3711 cum

385 3738 458 3775 unus
467 3740 501 3778 ex
509 3722 544 3777 iis
552 3725 647 3779 multis
656 3725 834 3779 cicatricibus
843 3743 971 3796 sparsum
980 3732 1066 3795 caput
1074 3727 1200 3793 haberet,
1211 3728 1283 3780 alter
1292 3726 1416 3794 pedibus

387 3806 472 3861 aeger
490 3797 575 3861 esset,
594 3793 692 3847 tertius
710 3793 823 3864 ingenio
842 3793 1116 3864 socors'haberetur‚
1136 3796 1205 3849 dixit
1218 3795 1288 3850 Cato
1307 3811 1372 3848 eam
1383 3794 1414 3846 in

386 3857 568 3929 legationem,
583 3877 635 3914 nec
644 3866 730 3930 caput
738 3879 791 3916 nec
799 3862 887 3932 pedes
895 3879 948 3917 noc
958 3876 1006 3915 cor
1014 3861 1126 3919 habere.
1145 3862 1279 3935 insyria,
1295 3879 1369 3932 quae
1379 3879 1416 3917 eo

385 3930 510 4045 tempore
520 3928 605 3998 stirpe
615 3928 726 3999 generis
735 3946 832 3999 parem
840 3930 902 4002 regi
910 3929 1104 4000 Macedonum,
1118 3931 1220 3987 inertis
1229 3931 1416 3999 socordiaque

387 4009 447 4045 sum
459 4011 503 4049 em
511 3994 629 4052 Prusiae
642 4013 739 4068 regem
748 3997 886 4067 habebat,
897 3999 1007 4053 iacente
1018 4016 1051 4053 eo
1061 3999 1091 4053 in
1100 4017 1192 4079 ganea
1201 4006 1230 4054 et
1240 3999 1333 4054 lustris
1342 4001 1414 4052 Am-

385 4061 495 4140 monius
503 4064 656 4133 regnabat,
670 4083 721 4135 per
730 4083 812 4136 quem
822 4072 851 4121 et
860 4066 942 4121 amici
951 4082 1046 4121 omnes
1055 4085 1130 4147 regis
1140 4075 1168 4122 et
1177 4069 1301 4123 Laodice
1312 4068 1413 4137 regina

387 4132 415 4180 et
427 4128 587 4212 antrgonus
599 4132 727 4189 Demetri
743 4133 817 4188 filius
836 4133 920 4189 occisi
933 4138 1006 4187 sunt.
1032 4134 1181 4191 Masinissa
1195 4137 1344 4192 Numidiae
1363 4153 1414 4190 rex

385 4210 474 4247 maror
482 4206 637 4269 nonaginta
646 4202 726 4256 annis
736 4203 864 4272 decessit,
878 4201 1055 4273 virinsignis.
1081 4204 1154 4259 inter
1166 4211 1260 4260 cetera
1270 4205 1412 4260 iuvenalia

386 4277 484 4335 opera,
500 4281 572 4334 quae
587 4269 623 4321 ad
637 4269 763 4324 ultimum
777 4271 878 4342 edidit,
894 4272 966 4327 adeo
975 4272 1060 4327 etiam
1068 4272 1187 4329 Veneris
1198 4292 1250 4327 usu
1258 4275 1286 4327 in
1296 4283 1417 4328 senecta
