<?xml version="1.0" encoding="UTF-8"?>
<!DOCTYPE html PUBLIC "-//W3C//DTD XHTML 1.0 Transitional//EN"
    "http://www.w3.org/TR/xhtml1/DTD/xhtml1-transitional.dtd">
<html xmlns="http://www.w3.org/1999/xhtml" xml:lang="en" lang="en">
 <head>
  <title>
</title>
<meta http-equiv="Content-Type" content="text/html;charset=utf-8" />
  <meta name='ocr-system' content='tesseract 3.04.00' />
  <meta name='ocr-capabilities' content='ocr_page ocr_carea ocr_par ocr_line ocrx_word'/>
</head>
<body>
  <div class='ocr_page' id='page_1' title='image "./titiliviaburbec04livygoog_0133.png"; bbox 0 0 3384 4975; ppageno 0'>
   <div class='ocr_carea' id='block_1_1' title="bbox 512 467 1319 553">
    <p class='ocr_par' dir='ltr' id='par_1_1' title="bbox 512 467 1319 553">
     <span class='ocr_line' id='line_1_1' title="bbox 512 467 1319 553; baseline -0.01 -11"><span class='ocrx_word' id='word_1_1' title='bbox 512 485 630 542; x_wconf 78' lang='lat' dir='ltr'>LIBER</span> <span class='ocrx_word' id='word_1_2' title='bbox 646 484 821 553; x_wconf 87' lang='lat' dir='ltr'>XXXXIII,</span> <span class='ocrx_word' id='word_1_3' title='bbox 840 481 1096 550; x_wconf 75' lang='lat' dir='ltr'>9.10.[s.c.170]</span> <span class='ocrx_word' id='word_1_4' title='bbox 1239 508 1246 517; x_wconf 79' lang='lat'><em>-</em></span> <span class='ocrx_word' id='word_1_5' title='bbox 1277 467 1319 535; x_wconf 84' lang='lat'>95</span> 
     </span>
    </p>
   </div>
   <div class='ocr_carea' id='block_1_2' title="bbox 293 623 1428 4280">
    <p class='ocr_par' dir='ltr' id='par_1_2' title="bbox 294 623 1360 1452">
     <span class='ocr_line' id='line_1_2' title="bbox 294 623 1319 724; baseline -0.01 -14"><span class='ocrx_word' id='word_1_6' title='bbox 294 646 431 709; x_wconf 89' lang='lat' dir='ltr'>militum</span> <span class='ocrx_word' id='word_1_7' title='bbox 455 644 490 707; x_wconf 90' lang='lat' dir='ltr'>in</span> <span class='ocrx_word' id='word_1_8' title='bbox 517 665 570 708; x_wconf 88' lang='lat' dir='ltr'>eas</span> <span class='ocrx_word' id='word_1_9' title='bbox 596 664 694 706; x_wconf 88' lang='lat' dir='ltr'>naves</span> <span class='ocrx_word' id='word_1_10' title='bbox 714 637 796 704; x_wconf 65' lang='lat' dir='ltr'>‘sunt</span> <span class='ocrx_word' id='word_1_11' title='bbox 821 638 972 724; x_wconf 89' lang='lat' dir='ltr'>inposita,</span> <span class='ocrx_word' id='word_1_12' title='bbox 999 659 1081 721; x_wconf 90' lang='lat' dir='ltr'>quae</span> <span class='ocrx_word' id='word_1_13' title='bbox 1107 637 1156 702; x_wconf 88' lang='lat' dir='ltr'>M.</span> <span class='ocrx_word' id='word_1_14' title='bbox 1180 623 1319 703; x_wconf 74' lang='lat' dir='ltr'>Raecius</span> 
     </span>
     <span class='ocr_line' id='line_1_3' title="bbox 294 731 1319 823; baseline -0.008 -21"><span class='ocrx_word' id='word_1_15' title='bbox 294 749 421 823; x_wconf 88' lang='lat' dir='ltr'>praetor</span> <span class='ocrx_word' id='word_1_16' title='bbox 447 760 488 803; x_wconf 87' lang='lat' dir='ltr'>ex</span> <span class='ocrx_word' id='word_1_17' title='bbox 514 745 642 800; x_wconf 88' lang='lat' dir='ltr'>senatus</span> <span class='ocrx_word' id='word_1_18' title='bbox 670 733 814 797; x_wconf 89' lang='lat' dir='ltr'>consulto</span> <span class='ocrx_word' id='word_1_19' title='bbox 841 732 875 796; x_wconf 91' lang='lat' dir='ltr'>in</span> <span class='ocrx_word' id='word_1_20' title='bbox 903 753 941 795; x_wconf 90' lang='lat' dir='ltr'>ea</span> <span class='ocrx_word' id='word_1_21' title='bbox 967 743 1056 815; x_wconf 87' lang='lat' dir='ltr'>parte</span> <span class='ocrx_word' id='word_1_22' title='bbox 1082 731 1209 808; x_wconf 87' lang='lat' dir='ltr'>Italiae,</span> <span class='ocrx_word' id='word_1_23' title='bbox 1236 752 1319 814; x_wconf 90' lang='lat' dir='ltr'>quae</span> 
     </span>
     <span class='ocr_line' id='line_1_4' title="bbox 294 824 1320 914; baseline -0.008 -19"><span class='ocrx_word' id='word_1_24' title='bbox 294 831 420 897; x_wconf 88' lang='lat' dir='ltr'>obiecta</span> <span class='ocrx_word' id='word_1_25' title='bbox 441 829 570 914; x_wconf 88' lang='lat' dir='ltr'>Illyrico</span> <span class='ocrx_word' id='word_1_26' title='bbox 597 837 660 904; x_wconf 87' lang='lat' dir='ltr'>est,</span> <span class='ocrx_word' id='word_1_27' title='bbox 688 824 874 911; x_wconf 87' lang='lat' dir='ltr'>conscripsit</span> <span class='ocrx_word' id='word_1_28' title='bbox 891 860 949 900; x_wconf 86' lang='lat'>-,</span> <span class='ocrx_word' id='word_1_29' title='bbox 972 835 1004 888; x_wconf 90' lang='lat' dir='ltr'>et</span> <span class='ocrx_word' id='word_1_30' title='bbox 1030 825 1140 888; x_wconf 89' lang='lat' dir='ltr'>consul</span> <span class='ocrx_word' id='word_1_31' title='bbox 1161 825 1320 889; x_wconf 83' lang='lat' dir='ltr'>Hostilius</span> 
     </span>
     <span class='ocr_line' id='line_1_5' title="bbox 294 915 1319 1009; baseline -0.007 -22"><span class='ocrx_word' id='word_1_32' title='bbox 294 924 441 1009; x_wconf 90' lang='lat' dir='ltr'>Appium</span> <span class='ocrx_word' id='word_1_33' title='bbox 460 920 633 986; x_wconf 86' lang='lat' dir='ltr'>Claudium</span> <span class='ocrx_word' id='word_1_34' title='bbox 655 919 689 983; x_wconf 92' lang='lat' dir='ltr'>in</span> <span class='ocrx_word' id='word_1_35' title='bbox 712 919 875 1003; x_wconf 90' lang='lat' dir='ltr'>Illyricum</span> <span class='ocrx_word' id='word_1_36' title='bbox 898 915 1003 1002; x_wconf 89' lang='lat' dir='ltr'>[cum]</span> <span class='ocrx_word' id='word_1_37' title='bbox 1022 929 1169 1000; x_wconf 89' lang='lat' dir='ltr'>quattuor</span> <span class='ocrx_word' id='word_1_38' title='bbox 1191 917 1319 981; x_wconf 86' lang='lat' dir='ltr'>milibus</span> 
     </span>
     <span class='ocr_line' id='line_1_6' title="bbox 295 1009 1352 1100; baseline -0.002 -20"><span class='ocrx_word' id='word_1_39' title='bbox 295 1017 440 1100; x_wconf 89' lang='lat' dir='ltr'>peditum</span> <span class='ocrx_word' id='word_1_40' title='bbox 457 1014 552 1090; x_wconf 82' lang='lat' dir='ltr'>misit,</span> <span class='ocrx_word' id='word_1_41' title='bbox 570 1023 606 1076; x_wconf 87' lang='lat' dir='ltr'>ut</span> <span class='ocrx_word' id='word_1_42' title='bbox 625 1011 748 1077; x_wconf 80' lang='lat' dir='ltr'>accolas</span> <span class='ocrx_word' id='word_1_43' title='bbox 761 1009 882 1096; x_wconf 81' lang='lat' dir='ltr'>lllyrici</span> <span class='ocrx_word' id='word_1_44' title='bbox 900 1020 1063 1074; x_wconf 87' lang='lat' dir='ltr'>tutaretur.</span> <span class='ocrx_word' id='word_1_45' title='bbox 1091 1011 1227 1094; x_wconf 91' lang='lat' dir='ltr'>quinon</span> <span class='ocrx_word' id='word_1_46' title='bbox 1245 1031 1320 1073; x_wconf 91' lang='lat' dir='ltr'>con·</span> <span class='ocrx_word' id='word_1_47' title='bbox 1338 1034 1352 1078; x_wconf 82' lang='lat' dir='ltr'>r</span> 
     </span>
     <span class='ocr_line' id='line_1_7' title="bbox 296 1103 1320 1189; baseline -0.005 -18"><span class='ocrx_word' id='word_1_48' title='bbox 296 1118 403 1172; x_wconf 86' lang='lat' dir='ltr'>tentus</span> <span class='ocrx_word' id='word_1_49' title='bbox 420 1109 458 1182; x_wconf 83' lang='lat' dir='ltr'>is,</span> <span class='ocrx_word' id='word_1_50' title='bbox 477 1128 557 1189; x_wconf 87' lang='lat' dir='ltr'>quas</span> <span class='ocrx_word' id='word_1_51' title='bbox 576 1104 751 1168; x_wconf 84' lang='lat' dir='ltr'>adduxerat</span> <span class='ocrx_word' id='word_1_52' title='bbox 769 1103 883 1188; x_wconf 89' lang='lat' dir='ltr'>copiis,</span> <span class='ocrx_word' id='word_1_53' title='bbox 903 1103 1021 1167; x_wconf 84' lang='lat' dir='ltr'>auxilia</span> <span class='ocrx_word' id='word_1_54' title='bbox 1039 1103 1079 1168; x_wconf 90' lang='lat' dir='ltr'>ab</span> <span class='ocrx_word' id='word_1_55' title='bbox 1098 1103 1191 1167; x_wconf 90' lang='lat' dir='ltr'>sociis</span> <span class='ocrx_word' id='word_1_56' title='bbox 1209 1122 1320 1166; x_wconf 90' lang='lat' dir='ltr'>conro-</span> 
     </span>
     <span class='ocr_line' id='line_1_8' title="bbox 296 1197 1321 1285; baseline -0.004 -21"><span class='ocrx_word' id='word_1_57' title='bbox 296 1201 403 1285; x_wconf 83' lang='lat' dir='ltr'>gando</span> <span class='ocrx_word' id='word_1_58' title='bbox 422 1201 463 1264; x_wconf 87' lang='lat' dir='ltr'>ad</span> <span class='ocrx_word' id='word_1_59' title='bbox 481 1210 552 1264; x_wconf 92' lang='lat' dir='ltr'>octo</span> <span class='ocrx_word' id='word_1_60' title='bbox 569 1198 657 1262; x_wconf 89' lang='lat' dir='ltr'>milia</span> <span class='ocrx_word' id='word_1_61' title='bbox 673 1197 838 1262; x_wconf 91' lang='lat' dir='ltr'>hominum</span> <span class='ocrx_word' id='word_1_62' title='bbox 857 1197 944 1262; x_wconf 87' lang='lat' dir='ltr'>vario</span> <span class='ocrx_word' id='word_1_63' title='bbox 962 1220 1079 1283; x_wconf 84' lang='lat' dir='ltr'>genere</span> <span class='ocrx_word' id='word_1_64' title='bbox 1098 1197 1232 1262; x_wconf 88' lang='lat' dir='ltr'>armavit</span> <span class='ocrx_word' id='word_1_65' title='bbox 1249 1219 1321 1281; x_wconf 90' lang='lat' dir='ltr'>per-</span> 
     </span>
     <span class='ocr_line' id='line_1_9' title="bbox 296 1290 1360 1378; baseline -0.002 -22"><span class='ocrx_word' id='word_1_66' title='bbox 296 1304 469 1378; x_wconf 87' lang='lat' dir='ltr'>agrataque</span> <span class='ocrx_word' id='word_1_67' title='bbox 488 1292 574 1357; x_wconf 91' lang='lat' dir='ltr'>omni</span> <span class='ocrx_word' id='word_1_68' title='bbox 592 1315 631 1357; x_wconf 89' lang='lat' dir='ltr'>ea</span> <span class='ocrx_word' id='word_1_69' title='bbox 647 1291 777 1377; x_wconf 86' lang='lat' dir='ltr'>regione</span> <span class='ocrx_word' id='word_1_70' title='bbox 796 1291 837 1355; x_wconf 90' lang='lat' dir='ltr'>ad</span> <span class='ocrx_word' id='word_1_71' title='bbox 847 1290 1053 1376; x_wconf 88' lang='lat' dir='ltr'>Lychnidum</span> <span class='ocrx_word' id='word_1_72' title='bbox 1062 1291 1320 1358; x_wconf 82' lang='lat' dir='ltr'>Dassaretiorum</span> <span class='ocrx_word' id='word_1_73' title='bbox 1353 1328 1360 1346; x_wconf 70' lang='grc' dir='ltr'><em>ι</em></span> 
     </span>
     <span class='ocr_line' id='line_1_10' title="bbox 295 1387 447 1452; baseline 0 -2"><span class='ocrx_word' id='word_1_74' title='bbox 295 1387 447 1452; x_wconf 84' lang='lat' dir='ltr'>consedit.</span> 
     </span>
    </p>

    <p class='ocr_par' dir='ltr' id='par_1_3' title="bbox 293 1479 1428 4280">
     <span class='ocr_line' id='line_1_11' title="bbox 359 1479 1353 1568; baseline 0 -24"><span class='ocrx_word' id='word_1_75' title='bbox 359 1480 405 1544; x_wconf 90' lang='lat' dir='ltr'>X.</span> <span class='ocrx_word' id='word_1_76' title='bbox 431 1480 532 1553; x_wconf 88' lang='lat' dir='ltr'>Haud</span> <span class='ocrx_word' id='word_1_77' title='bbox 557 1480 669 1565; x_wconf 91' lang='lat' dir='ltr'>procul</span> <span class='ocrx_word' id='word_1_78' title='bbox 694 1480 769 1546; x_wconf 90' lang='lat' dir='ltr'>inde</span> <span class='ocrx_word' id='word_1_79' title='bbox 791 1479 924 1547; x_wconf 87' lang='lat' dir='ltr'>Uscana</span> <span class='ocrx_word' id='word_1_80' title='bbox 945 1483 1097 1568; x_wconf 89' lang='lat' dir='ltr'>oppidum</span> <span class='ocrx_word' id='word_1_81' title='bbox 1119 1480 1230 1544; x_wconf 87' lang='lat' dir='ltr'>finium</span> <span class='ocrx_word' id='word_1_82' title='bbox 1252 1479 1353 1564; x_wconf 86' lang='lat' dir='ltr'>ple-1</span> 
     </span>
     <span class='ocr_line' id='line_1_12' title="bbox 294 1572 1428 1657; baseline 0 -20"><span class='ocrx_word' id='word_1_83' title='bbox 294 1597 429 1657; x_wconf 88' lang='lat' dir='ltr'>rumque</span> <span class='ocrx_word' id='word_1_84' title='bbox 455 1574 566 1639; x_wconf 87' lang='lat' dir='ltr'>Persei</span> <span class='ocrx_word' id='word_1_85' title='bbox 593 1585 671 1639; x_wconf 91' lang='lat' dir='ltr'>erat.</span> <span class='ocrx_word' id='word_1_86' title='bbox 725 1573 837 1641; x_wconf 90' lang='lat' dir='ltr'>decem</span> <span class='ocrx_word' id='word_1_87' title='bbox 862 1576 950 1641; x_wconf 85' lang='lat' dir='ltr'>milia</span> <span class='ocrx_word' id='word_1_88' title='bbox 976 1575 1094 1641; x_wconf 89' lang='lat' dir='ltr'>civium</span> <span class='ocrx_word' id='word_1_89' title='bbox 1123 1572 1263 1639; x_wconf 87' lang='lat' dir='ltr'>habebat</span> <span class='ocrx_word' id='word_1_90' title='bbox 1289 1584 1321 1637; x_wconf 89' lang='lat' dir='ltr'>et</span> <span class='ocrx_word' id='word_1_91' title='bbox 1424 1618 1428 1623; x_wconf 89' lang='lat'><em>-</em></span> 
     </span>
     <span class='ocr_line' id='line_1_13' title="bbox 294 1666 1354 1756; baseline 0.001 -24"><span class='ocrx_word' id='word_1_92' title='bbox 294 1668 456 1732; x_wconf 90' lang='lat' dir='ltr'>modicum</span> <span class='ocrx_word' id='word_1_93' title='bbox 478 1667 641 1734; x_wconf 88' lang='lat' dir='ltr'>custodiae</span> <span class='ocrx_word' id='word_1_94' title='bbox 659 1691 756 1734; x_wconf 85' lang='lat' dir='ltr'>causa</span> <span class='ocrx_word' id='word_1_95' title='bbox 775 1667 977 1736; x_wconf 84' lang='lat' dir='ltr'>Cretensium</span> <span class='ocrx_word' id='word_1_96' title='bbox 998 1668 1201 1756; x_wconf 87' lang='lat' dir='ltr'>praesidium.</span> <span class='ocrx_word' id='word_1_97' title='bbox 1245 1666 1320 1732; x_wconf 91' lang='lat' dir='ltr'>inde</span> <span class='ocrx_word' id='word_1_98' title='bbox 1338 1686 1354 1733; x_wconf 85' lang='lat'>2</span> 
     </span>
     <span class='ocr_line' id='line_1_14' title="bbox 293 1758 1320 1848; baseline 0.001 -24"><span class='ocrx_word' id='word_1_99' title='bbox 293 1760 396 1825; x_wconf 91' lang='lat' dir='ltr'>nuntii</span> <span class='ocrx_word' id='word_1_100' title='bbox 414 1762 456 1825; x_wconf 90' lang='lat' dir='ltr'>ad</span> <span class='ocrx_word' id='word_1_101' title='bbox 474 1758 648 1826; x_wconf 89' lang='lat' dir='ltr'>Claudium</span> <span class='ocrx_word' id='word_1_102' title='bbox 666 1764 783 1828; x_wconf 92' lang='lat' dir='ltr'>occulti</span> <span class='ocrx_word' id='word_1_103' title='bbox 805 1765 990 1830; x_wconf 87' lang='lat' dir='ltr'>veniebant:</span> <span class='ocrx_word' id='word_1_104' title='bbox 1018 1763 1046 1828; x_wconf 91' lang='lat' dir='ltr'>si</span> <span class='ocrx_word' id='word_1_105' title='bbox 1062 1762 1194 1848; x_wconf 89' lang='lat' dir='ltr'>propius</span> <span class='ocrx_word' id='word_1_106' title='bbox 1213 1761 1320 1847; x_wconf 86' lang='lat' dir='ltr'>copias</span> 
     </span>
     <span class='ocr_line' id='line_1_15' title="bbox 295 1855 1320 1943; baseline 0.002 -26"><span class='ocrx_word' id='word_1_107' title='bbox 295 1855 497 1931; x_wconf 85' lang='lat' dir='ltr'>admovisset,</span> <span class='ocrx_word' id='word_1_108' title='bbox 515 1867 644 1940; x_wconf 88' lang='lat' dir='ltr'>paratos</span> <span class='ocrx_word' id='word_1_109' title='bbox 661 1856 729 1921; x_wconf 85' lang='lat' dir='ltr'>fore</span> <span class='ocrx_word' id='word_1_110' title='bbox 747 1857 804 1940; x_wconf 91' lang='lat' dir='ltr'>qui</span> <span class='ocrx_word' id='word_1_111' title='bbox 820 1859 992 1943; x_wconf 86' lang='lat' dir='ltr'>proderent</span> <span class='ocrx_word' id='word_1_112' title='bbox 1009 1858 1136 1934; x_wconf 86' lang='lat' dir='ltr'>urbem3</span> <span class='ocrx_word' id='word_1_113' title='bbox 1155 1868 1187 1922; x_wconf 89' lang='lat' dir='ltr'>et</span> <span class='ocrx_word' id='word_1_114' title='bbox 1204 1878 1320 1941; x_wconf 91' lang='lat' dir='ltr'>operae</span> 
     </span>
     <span class='ocr_line' id='line_1_16' title="bbox 294 1949 1368 2035; baseline 0.004 -24"><span class='ocrx_word' id='word_1_115' title='bbox 294 1949 432 2032; x_wconf 87' lang='lat' dir='ltr'>pretium</span> <span class='ocrx_word' id='word_1_116' title='bbox 450 1969 534 2012; x_wconf 87' lang='lat' dir='ltr'>esse:</span> <span class='ocrx_word' id='word_1_117' title='bbox 558 1969 623 2012; x_wconf 91' lang='lat' dir='ltr'>non</span> <span class='ocrx_word' id='word_1_118' title='bbox 641 1972 674 2014; x_wconf 91' lang='lat' dir='ltr'>se</span> <span class='ocrx_word' id='word_1_119' title='bbox 693 1951 876 2035; x_wconf 87' lang='lat' dir='ltr'>amicosque</span> <span class='ocrx_word' id='word_1_120' title='bbox 894 1963 1033 2028; x_wconf 88' lang='lat' dir='ltr'>tantum,</span> <span class='ocrx_word' id='word_1_121' title='bbox 1051 1951 1107 2016; x_wconf 88' lang='lat' dir='ltr'>sed</span> <span class='ocrx_word' id='word_1_122' title='bbox 1125 1950 1221 2015; x_wconf 87' lang='lat' dir='ltr'>etiam</span> <span class='ocrx_word' id='word_1_123' title='bbox 1237 1949 1320 2013; x_wconf 92' lang='lat' dir='ltr'>mili·</span> <span class='ocrx_word' id='word_1_124' title='bbox 1367 2011 1368 2015; x_wconf 75' lang='grc'>,</span> 
     </span>
     <span class='ocr_line' id='line_1_17' title="bbox 295 2040 1355 2129; baseline 0.003 -27"><span class='ocrx_word' id='word_1_125' title='bbox 295 2051 343 2104; x_wconf 89' lang='lat' dir='ltr'>tes</span> <span class='ocrx_word' id='word_1_126' title='bbox 359 2040 479 2124; x_wconf 88' lang='lat' dir='ltr'>praeda</span> <span class='ocrx_word' id='word_1_127' title='bbox 497 2041 706 2122; x_wconf 86' lang='lat' dir='ltr'>expleturum.</span> <span class='ocrx_word' id='word_1_128' title='bbox 733 2065 805 2127; x_wconf 91' lang='lat' dir='ltr'>spes</span> <span class='ocrx_word' id='word_1_129' title='bbox 824 2045 990 2129; x_wconf 86' lang='lat' dir='ltr'>cupiditati</span> <span class='ocrx_word' id='word_1_130' title='bbox 1007 2043 1136 2108; x_wconf 87' lang='lat' dir='ltr'>admota</span> <span class='ocrx_word' id='word_1_131' title='bbox 1152 2043 1197 2108; x_wconf 89' lang='lat' dir='ltr'>ita</span> <span class='ocrx_word' id='word_1_132' title='bbox 1210 2064 1321 2107; x_wconf 87' lang='lat' dir='ltr'>occae·</span> <span class='ocrx_word' id='word_1_133' title='bbox 1339 2059 1355 2105; x_wconf 83' lang='lat'><strong>3</strong></span> 
     </span>
     <span class='ocr_line' id='line_1_18' title="bbox 297 2132 1321 2220; baseline 0.003 -25"><span class='ocrx_word' id='word_1_134' title='bbox 297 2132 381 2196; x_wconf 88' lang='lat' dir='ltr'>cavit</span> <span class='ocrx_word' id='word_1_135' title='bbox 407 2132 564 2208; x_wconf 90' lang='lat' dir='ltr'>animum,</span> <span class='ocrx_word' id='word_1_136' title='bbox 591 2145 627 2196; x_wconf 93' lang='lat' dir='ltr'>ut</span> <span class='ocrx_word' id='word_1_137' title='bbox 652 2157 711 2200; x_wconf 91' lang='lat' dir='ltr'>nec</span> <span class='ocrx_word' id='word_1_138' title='bbox 730 2133 802 2220; x_wconf 86' lang='lat' dir='ltr'>[ex]</span> <span class='ocrx_word' id='word_1_139' title='bbox 819 2140 847 2200; x_wconf 82' lang='lat' dir='ltr'>is</span> <span class='ocrx_word' id='word_1_140' title='bbox 870 2138 926 2219; x_wconf 93' lang='lat' dir='ltr'>qui</span> <span class='ocrx_word' id='word_1_141' title='bbox 948 2149 1100 2210; x_wconf 81' lang='lat' dir='ltr'>venerant</span> <span class='ocrx_word' id='word_1_142' title='bbox 1127 2157 1321 2218; x_wconf 90' lang='lat' dir='ltr'>quemquam</span> 
     </span>
     <span class='ocr_line' id='line_1_19' title="bbox 295 2225 1322 2313; baseline 0.003 -25"><span class='ocrx_word' id='word_1_143' title='bbox 295 2225 445 2290; x_wconf 88' lang='lat' dir='ltr'>retineret</span> <span class='ocrx_word' id='word_1_144' title='bbox 458 2247 518 2290; x_wconf 92' lang='lat' dir='ltr'>nec</span> <span class='ocrx_word' id='word_1_145' title='bbox 532 2226 667 2311; x_wconf 90' lang='lat' dir='ltr'>opsides,</span> <span class='ocrx_word' id='word_1_146' title='bbox 686 2228 803 2312; x_wconf 88' lang='lat' dir='ltr'>pignus</span> <span class='ocrx_word' id='word_1_147' title='bbox 821 2228 945 2294; x_wconf 86' lang='lat' dir='ltr'>futuros</span> <span class='ocrx_word' id='word_1_148' title='bbox 960 2228 1047 2293; x_wconf 81' lang='lat' dir='ltr'>afore</span> <span class='ocrx_word' id='word_1_149' title='bbox 1065 2228 1211 2293; x_wconf 86' lang='lat' dir='ltr'>fraudem</span> <span class='ocrx_word' id='word_1_150' title='bbox 1223 2249 1322 2313; x_wconf 87' lang='lat' dir='ltr'>agen·</span> 
     </span>
     <span class='ocr_line' id='line_1_20' title="bbox 296 2318 1322 2408; baseline 0.003 -26"><span class='ocrx_word' id='word_1_151' title='bbox 296 2318 356 2383; x_wconf 87' lang='lat' dir='ltr'>dae</span> <span class='ocrx_word' id='word_1_152' title='bbox 382 2319 444 2396; x_wconf 89' lang='lat' dir='ltr'>rei,</span> <span class='ocrx_word' id='word_1_153' title='bbox 469 2333 630 2404; x_wconf 90' lang='lat' dir='ltr'>posceret,</span> <span class='ocrx_word' id='word_1_154' title='bbox 662 2344 722 2387; x_wconf 89' lang='lat' dir='ltr'>nec</span> <span class='ocrx_word' id='word_1_155' title='bbox 749 2322 888 2388; x_wconf 89' lang='lat' dir='ltr'>mitteret</span> <span class='ocrx_word' id='word_1_156' title='bbox 915 2322 1114 2408; x_wconf 88' lang='lat' dir='ltr'>exploratum</span> <span class='ocrx_word' id='word_1_157' title='bbox 1139 2343 1199 2387; x_wconf 91' lang='lat' dir='ltr'>nec</span> <span class='ocrx_word' id='word_1_158' title='bbox 1225 2321 1322 2386; x_wconf 87' lang='lat' dir='ltr'>fidem</span> 
     </span>
     <span class='ocr_line' id='line_1_21' title="bbox 295 2412 1321 2503; baseline 0.006 -29"><span class='ocrx_word' id='word_1_159' title='bbox 295 2412 461 2497; x_wconf 85' lang='lat' dir='ltr'>acciperet.</span> <span class='ocrx_word' id='word_1_160' title='bbox 488 2413 539 2478; x_wconf 92' lang='lat' dir='ltr'>die</span> <span class='ocrx_word' id='word_1_161' title='bbox 558 2426 681 2478; x_wconf 84' lang='lat' dir='ltr'>tantum</span> <span class='ocrx_word' id='word_1_162' title='bbox 699 2426 818 2480; x_wconf 85' lang='lat' dir='ltr'>statuta</span> <span class='ocrx_word' id='word_1_163' title='bbox 834 2416 997 2503; x_wconf 86' lang='lat' dir='ltr'>profectus</span> <span class='ocrx_word' id='word_1_164' title='bbox 1015 2416 1224 2503; x_wconf 84' lang='lat' dir='ltr'>aLychnido,</span> <span class='ocrx_word' id='word_1_165' title='bbox 1242 2415 1321 2481; x_wconf 91' lang='lat' dir='ltr'>duo-</span> 
     </span>
     <span class='ocr_line' id='line_1_22' title="bbox 295 2505 1320 2595; baseline 0.005 -27"><span class='ocrx_word' id='word_1_166' title='bbox 295 2505 401 2569; x_wconf 90' lang='lat' dir='ltr'>decim</span> <span class='ocrx_word' id='word_1_167' title='bbox 422 2507 509 2570; x_wconf 88' lang='lat' dir='ltr'>milia</span> <span class='ocrx_word' id='word_1_168' title='bbox 532 2508 573 2571; x_wconf 86' lang='lat' dir='ltr'>ab</span> <span class='ocrx_word' id='word_1_169' title='bbox 595 2509 690 2585; x_wconf 91' lang='lat' dir='ltr'>urbe,</span> <span class='ocrx_word' id='word_1_170' title='bbox 717 2510 758 2574; x_wconf 87' lang='lat' dir='ltr'>ad</span> <span class='ocrx_word' id='word_1_171' title='bbox 780 2532 877 2594; x_wconf 89' lang='lat' dir='ltr'>quam</span> <span class='ocrx_word' id='word_1_172' title='bbox 895 2510 1060 2587; x_wconf 86' lang='lat' dir='ltr'>tendebat,</span> <span class='ocrx_word' id='word_1_173' title='bbox 1083 2511 1189 2595; x_wconf 86' lang='lat' dir='ltr'>posuit</span> <span class='ocrx_word' id='word_1_174' title='bbox 1207 2522 1320 2575; x_wconf 86' lang='lat' dir='ltr'>eastra.</span> 
     </span>
     <span class='ocr_line' id='line_1_23' title="bbox 295 2599 1356 2689; baseline 0.004 -27"><span class='ocrx_word' id='word_1_175' title='bbox 295 2611 410 2681; x_wconf 87' lang='lat' dir='ltr'>quarta</span> <span class='ocrx_word' id='word_1_176' title='bbox 426 2599 501 2663; x_wconf 91' lang='lat' dir='ltr'>inde</span> <span class='ocrx_word' id='word_1_177' title='bbox 514 2601 624 2685; x_wconf 87' lang='lat' dir='ltr'>vigilia</span> <span class='ocrx_word' id='word_1_178' title='bbox 639 2604 731 2686; x_wconf 88' lang='lat' dir='ltr'>signa</span> <span class='ocrx_word' id='word_1_179' title='bbox 743 2605 843 2668; x_wconf 88' lang='lat' dir='ltr'>movit</span> <span class='ocrx_word' id='word_1_180' title='bbox 858 2606 944 2669; x_wconf 91' lang='lat' dir='ltr'>mille</span> <span class='ocrx_word' id='word_1_181' title='bbox 958 2606 1058 2669; x_wconf 86' lang='lat' dir='ltr'>ferme</span> <span class='ocrx_word' id='word_1_182' title='bbox 1073 2606 1114 2668; x_wconf 91' lang='lat' dir='ltr'>ad</span> <span class='ocrx_word' id='word_1_183' title='bbox 1127 2604 1321 2689; x_wconf 88' lang='lat' dir='ltr'>praesidium</span> <span class='ocrx_word' id='word_1_184' title='bbox 1339 2621 1356 2666; x_wconf 85' lang='lat'>4</span> 
     </span>
     <span class='ocr_line' id='line_1_24' title="bbox 296 2693 1322 2782; baseline 0.003 -26"><span class='ocrx_word' id='word_1_185' title='bbox 296 2702 472 2757; x_wconf 88' lang='lat' dir='ltr'>castrorum</span> <span class='ocrx_word' id='word_1_186' title='bbox 489 2693 616 2758; x_wconf 89' lang='lat' dir='ltr'>relictis.</span> <span class='ocrx_word' id='word_1_187' title='bbox 660 2696 867 2780; x_wconf 89' lang='lat' dir='ltr'>inconpositi,</span> <span class='ocrx_word' id='word_1_188' title='bbox 889 2698 986 2782; x_wconf 89' lang='lat' dir='ltr'>longo</span> <span class='ocrx_word' id='word_1_189' title='bbox 1004 2697 1130 2780; x_wconf 87' lang='lat' dir='ltr'>agmine</span> <span class='ocrx_word' id='word_1_190' title='bbox 1149 2696 1257 2772; x_wconf 88' lang='lat' dir='ltr'>effusi,</span> <span class='ocrx_word' id='word_1_191' title='bbox 1273 2696 1322 2759; x_wconf 92' lang='lat' dir='ltr'>in-</span> 
     </span>
     <span class='ocr_line' id='line_1_25' title="bbox 296 2786 1322 2875; baseline 0.002 -25"><span class='ocrx_word' id='word_1_192' title='bbox 296 2786 493 2869; x_wconf 85' lang='lat' dir='ltr'>frequentes,</span> <span class='ocrx_word' id='word_1_193' title='bbox 520 2810 594 2852; x_wconf 92' lang='lat' dir='ltr'>cum</span> <span class='ocrx_word' id='word_1_194' title='bbox 619 2800 794 2853; x_wconf 89' lang='lat' dir='ltr'>nocturnus</span> <span class='ocrx_word' id='word_1_195' title='bbox 821 2812 908 2855; x_wconf 88' lang='lat' dir='ltr'>error</span> <span class='ocrx_word' id='word_1_196' title='bbox 934 2790 1115 2875; x_wconf 87' lang='lat' dir='ltr'>dissiparet,</span> <span class='ocrx_word' id='word_1_197' title='bbox 1142 2790 1183 2853; x_wconf 87' lang='lat' dir='ltr'>ad</span> <span class='ocrx_word' id='word_1_198' title='bbox 1209 2789 1322 2854; x_wconf 91' lang='lat' dir='ltr'>urbem</span> 
     </span>
     <span class='ocr_line' id='line_1_26' title="bbox 295 2883 1356 2970; baseline 0.006 -27"><span class='ocrx_word' id='word_1_199' title='bbox 295 2892 517 2965; x_wconf 89' lang='lat' dir='ltr'>pervenerunt.</span> <span class='ocrx_word' id='word_1_200' title='bbox 575 2883 681 2948; x_wconf 88' lang='lat' dir='ltr'>crevit·</span> <span class='ocrx_word' id='word_1_201' title='bbox 711 2884 924 2969; x_wconf 88' lang='lat' dir='ltr'>neclegentia,</span> <span class='ocrx_word' id='word_1_202' title='bbox 959 2895 1129 2970; x_wconf 87' lang='lat' dir='ltr'>postquam</span> <span class='ocrx_word' id='word_1_203' title='bbox 1162 2883 1356 2949; x_wconf 83' lang='lat' dir='ltr'>neminem5</span> 
     </span>
     <span class='ocr_line' id='line_1_27' title="bbox 297 2975 1320 3063; baseline 0.005 -27"><span class='ocrx_word' id='word_1_204' title='bbox 297 2984 454 3037; x_wconf 90' lang='lat' dir='ltr'>armatum</span> <span class='ocrx_word' id='word_1_205' title='bbox 475 2975 509 3038; x_wconf 92' lang='lat' dir='ltr'>in</span> <span class='ocrx_word' id='word_1_206' title='bbox 531 2976 629 3040; x_wconf 90' lang='lat' dir='ltr'>muris</span> <span class='ocrx_word' id='word_1_207' title='bbox 652 2976 809 3042; x_wconf 80' lang='lat' dir='ltr'>videnmt</span> <span class='ocrx_word' id='word_1_208' title='bbox 855 2989 997 3043; x_wconf 89' lang='lat' dir='ltr'>ceterum</span> <span class='ocrx_word' id='word_1_209' title='bbox 1023 2977 1078 3042; x_wconf 93' lang='lat' dir='ltr'>ubi</span> <span class='ocrx_word' id='word_1_210' title='bbox 1100 2977 1239 3063; x_wconf 89' lang='lat' dir='ltr'>primum</span> <span class='ocrx_word' id='word_1_211' title='bbox 1261 2976 1320 3042; x_wconf 90' lang='lat' dir='ltr'>sub</span> 
     </span>
     <span class='ocr_line' id='line_1_28' title="bbox 296 3067 1322 3158; baseline 0.004 -28"><span class='ocrx_word' id='word_1_212' title='bbox 296 3067 361 3132; x_wconf 91' lang='lat' dir='ltr'>ictu</span> <span class='ocrx_word' id='word_1_213' title='bbox 379 3067 433 3132; x_wconf 92' lang='lat' dir='ltr'>teli</span> <span class='ocrx_word' id='word_1_214' title='bbox 450 3068 594 3145; x_wconf 76' lang='lat' dir='ltr'>fuerimt,</span> <span class='ocrx_word' id='word_1_215' title='bbox 618 3071 743 3136; x_wconf 88' lang='lat' dir='ltr'>duabus</span> <span class='ocrx_word' id='word_1_216' title='bbox 766 3071 860 3136; x_wconf 87' lang='lat' dir='ltr'>simul</span> <span class='ocrx_word' id='word_1_217' title='bbox 882 3071 982 3158; x_wconf 89' lang='lat' dir='ltr'>portis</span> <span class='ocrx_word' id='word_1_218' title='bbox 1000 3071 1185 3157; x_wconf 88' lang='lat' dir='ltr'>erumpitur.</span> <span class='ocrx_word' id='word_1_219' title='bbox 1230 3082 1262 3137; x_wconf 90' lang='lat' dir='ltr'>et</span> <span class='ocrx_word' id='word_1_220' title='bbox 1281 3070 1322 3134; x_wconf 91' lang='lat' dir='ltr'>ad</span> 
     </span>
     <span class='ocr_line' id='line_1_29' title="bbox 297 3161 1322 3252; baseline 0.005 -29"><span class='ocrx_word' id='word_1_221' title='bbox 297 3161 467 3226; x_wconf 89' lang='lat' dir='ltr'>clamorem</span> <span class='ocrx_word' id='word_1_222' title='bbox 481 3166 714 3249; x_wconf 88' lang='lat' dir='ltr'>erumpentium</span> <span class='ocrx_word' id='word_1_223' title='bbox 722 3167 835 3252; x_wconf 90' lang='lat' dir='ltr'>ingens</span> <span class='ocrx_word' id='word_1_224' title='bbox 845 3168 995 3252; x_wconf 88' lang='lat' dir='ltr'>strepitus</span> <span class='ocrx_word' id='word_1_225' title='bbox 1010 3190 1027 3233; x_wconf 90' lang='lat' dir='ltr'>e</span> <span class='ocrx_word' id='word_1_226' title='bbox 1041 3167 1139 3231; x_wconf 88' lang='lat' dir='ltr'>muris</span> <span class='ocrx_word' id='word_1_227' title='bbox 1153 3178 1241 3232; x_wconf 90' lang='lat' dir='ltr'>ortus</span> <span class='ocrx_word' id='word_1_228' title='bbox 1250 3166 1322 3230; x_wconf 91' lang='lat' dir='ltr'>ulu-</span> 
     </span>
     <span class='ocr_line' id='line_1_30' title="bbox 295 3254 1323 3345; baseline 0.003 -28"><span class='ocrx_word' id='word_1_229' title='bbox 295 3254 430 3319; x_wconf 89' lang='lat' dir='ltr'>lantium</span> <span class='ocrx_word' id='word_1_230' title='bbox 443 3258 611 3325; x_wconf 89' lang='lat' dir='ltr'>mulierum</span> <span class='ocrx_word' id='word_1_231' title='bbox 624 3281 697 3324; x_wconf 91' lang='lat' dir='ltr'>cum</span> <span class='ocrx_word' id='word_1_232' title='bbox 712 3262 833 3345; x_wconf 90' lang='lat' dir='ltr'>crepitu</span> <span class='ocrx_word' id='word_1_233' title='bbox 848 3262 989 3345; x_wconf 91' lang='lat' dir='ltr'>undique</span> <span class='ocrx_word' id='word_1_234' title='bbox 1003 3262 1095 3336; x_wconf 90' lang='lat' dir='ltr'>aeris,</span> <span class='ocrx_word' id='word_1_235' title='bbox 1114 3270 1144 3325; x_wconf 90' lang='lat' dir='ltr'>et</span> <span class='ocrx_word' id='word_1_236' title='bbox 1161 3258 1323 3325; x_wconf 86' lang='lat' dir='ltr'>incondita</span> 
     </span>
     <span class='ocr_line' id='line_1_31' title="bbox 296 3349 1321 3439; baseline 0.002 -27"><span class='ocrx_word' id='word_1_237' title='bbox 296 3349 466 3439; x_wconf 90' lang='lat' dir='ltr'>multitudo</span> <span class='ocrx_word' id='word_1_238' title='bbox 484 3351 578 3417; x_wconf 88' lang='lat' dir='ltr'>turba</span> <span class='ocrx_word' id='word_1_239' title='bbox 594 3354 729 3418; x_wconf 84' lang='lat' dir='ltr'>inmixta</span> <span class='ocrx_word' id='word_1_240' title='bbox 742 3355 848 3419; x_wconf 86' lang='lat' dir='ltr'>servili</span> <span class='ocrx_word' id='word_1_241' title='bbox 862 3355 958 3419; x_wconf 83' lang='lat' dir='ltr'>variis</span> <span class='ocrx_word' id='word_1_242' title='bbox 972 3356 1103 3418; x_wconf 90' lang='lat' dir='ltr'>vocibus</span> <span class='ocrx_word' id='word_1_243' title='bbox 1120 3351 1321 3437; x_wconf 84' lang='lat' dir='ltr'>personabat.</span> 
     </span>
     <span class='ocr_line' id='line_1_32' title="bbox 295 3441 1357 3530; baseline 0 -26"><span class='ocrx_word' id='word_1_244' title='bbox 295 3441 349 3505; x_wconf 92' lang='lat' dir='ltr'>hic</span> <span class='ocrx_word' id='word_1_245' title='bbox 365 3454 432 3507; x_wconf 85' lang='lat' dir='ltr'>tam</span> <span class='ocrx_word' id='word_1_246' title='bbox 449 3444 614 3530; x_wconf 88' lang='lat' dir='ltr'>multiplex</span> <span class='ocrx_word' id='word_1_247' title='bbox 632 3447 775 3527; x_wconf 90' lang='lat' dir='ltr'>undique</span> <span class='ocrx_word' id='word_1_248' title='bbox 793 3447 936 3511; x_wconf 91' lang='lat' dir='ltr'>obiectus</span> <span class='ocrx_word' id='word_1_249' title='bbox 954 3457 1054 3510; x_wconf 87' lang='lat' dir='ltr'>terror</span> <span class='ocrx_word' id='word_1_250' title='bbox 1072 3445 1192 3519; x_wconf 87' lang='lat' dir='ltr'>effecit,</span> <span class='ocrx_word' id='word_1_251' title='bbox 1210 3466 1251 3508; x_wconf 89' lang='lat' dir='ltr'>ne</span> <span class='ocrx_word' id='word_1_252' title='bbox 1270 3466 1323 3507; x_wconf 87' lang='lat' dir='ltr'>su·</span> <span class='ocrx_word' id='word_1_253' title='bbox 1341 3460 1357 3504; x_wconf 85' lang='lat' dir='ltr'>c</span> 
     </span>
     <span class='ocr_line' id='line_1_33' title="bbox 297 3534 1321 3620; baseline -0.002 -23"><span class='ocrx_word' id='word_1_254' title='bbox 297 3534 414 3599; x_wconf 87' lang='lat' dir='ltr'>stinere</span> <span class='ocrx_word' id='word_1_255' title='bbox 445 3537 580 3620; x_wconf 88' lang='lat' dir='ltr'>primam</span> <span class='ocrx_word' id='word_1_256' title='bbox 612 3539 786 3620; x_wconf 91' lang='lat' dir='ltr'>procellam</span> <span class='ocrx_word' id='word_1_257' title='bbox 814 3537 988 3620; x_wconf 88' lang='lat' dir='ltr'>eruptionis</span> <span class='ocrx_word' id='word_1_258' title='bbox 1015 3535 1153 3600; x_wconf 83' lang='lat' dir='ltr'>Romani</span> <span class='ocrx_word' id='word_1_259' title='bbox 1183 3544 1321 3619; x_wconf 86' lang='lat' dir='ltr'>possent.</span> 
     </span>
     <span class='ocr_line' id='line_1_34' title="bbox 297 3625 1323 3713; baseline 0.001 -25"><span class='ocrx_word' id='word_1_260' title='bbox 297 3626 406 3707; x_wconf 89' lang='lat' dir='ltr'>itaque</span> <span class='ocrx_word' id='word_1_261' title='bbox 423 3625 582 3710; x_wconf 83' lang='lat' dir='ltr'>fugientes</span> <span class='ocrx_word' id='word_1_262' title='bbox 599 3629 707 3712; x_wconf 87' lang='lat' dir='ltr'>plures</span> <span class='ocrx_word' id='word_1_263' title='bbox 725 3648 822 3711; x_wconf 91' lang='lat' dir='ltr'>quam</span> <span class='ocrx_word' id='word_1_264' title='bbox 839 3638 1020 3713; x_wconf 83' lang='lat' dir='ltr'>pugnantes</span> <span class='ocrx_word' id='word_1_265' title='bbox 1037 3627 1219 3711; x_wconf 91' lang='lat' dir='ltr'>interempti</span> <span class='ocrx_word' id='word_1_266' title='bbox 1236 3640 1323 3701; x_wconf 86' lang='lat' dir='ltr'>sunt3</span> 
     </span>
     <span class='ocr_line' id='line_1_35' title="bbox 298 3718 1324 3807; baseline 0.001 -26"><span class='ocrx_word' id='word_1_267' title='bbox 298 3719 353 3782; x_wconf 88' lang='lat' dir='ltr'>vix</span> <span class='ocrx_word' id='word_1_268' title='bbox 372 3718 435 3783; x_wconf 91' lang='lat' dir='ltr'>duo</span> <span class='ocrx_word' id='word_1_269' title='bbox 453 3720 540 3784; x_wconf 85' lang='lat' dir='ltr'>milia</span> <span class='ocrx_word' id='word_1_270' title='bbox 556 3720 721 3786; x_wconf 91' lang='lat' dir='ltr'>hominum</span> <span class='ocrx_word' id='word_1_271' title='bbox 739 3743 812 3786; x_wconf 88' lang='lat' dir='ltr'>cum</span> <span class='ocrx_word' id='word_1_272' title='bbox 828 3722 899 3807; x_wconf 89' lang='lat' dir='ltr'>ipso</span> <span class='ocrx_word' id='word_1_273' title='bbox 915 3721 1022 3806; x_wconf 89' lang='lat' dir='ltr'>legato</span> <span class='ocrx_word' id='word_1_274' title='bbox 1040 3721 1073 3784; x_wconf 92' lang='lat' dir='ltr'>in</span> <span class='ocrx_word' id='word_1_275' title='bbox 1091 3730 1193 3784; x_wconf 87' lang='lat' dir='ltr'>castra</span> <span class='ocrx_word' id='word_1_276' title='bbox 1215 3718 1324 3804; x_wconf 80' lang='lat' dir='ltr'>perfu-</span> 
     </span>
     <span class='ocr_line' id='line_1_36' title="bbox 298 3814 1356 3903; baseline -0.001 -26"><span class='ocrx_word' id='word_1_277' title='bbox 298 3824 424 3900; x_wconf 86' lang='lat' dir='ltr'>gerunt.</span> <span class='ocrx_word' id='word_1_278' title='bbox 469 3836 533 3899; x_wconf 95' lang='lat' dir='ltr'>quo</span> <span class='ocrx_word' id='word_1_279' title='bbox 550 3816 677 3903; x_wconf 89' lang='lat' dir='ltr'>longius</span> <span class='ocrx_word' id='word_1_280' title='bbox 696 3816 757 3882; x_wconf 90' lang='lat' dir='ltr'>iter</span> <span class='ocrx_word' id='word_1_281' title='bbox 773 3817 807 3881; x_wconf 92' lang='lat' dir='ltr'>in</span> <span class='ocrx_word' id='word_1_282' title='bbox 824 3827 927 3883; x_wconf 86' lang='lat' dir='ltr'>castra</span> <span class='ocrx_word' id='word_1_283' title='bbox 945 3827 1027 3891; x_wconf 91' lang='lat' dir='ltr'>erat,</span> <span class='ocrx_word' id='word_1_284' title='bbox 1050 3836 1088 3879; x_wconf 93' lang='lat' dir='ltr'>eo</span> <span class='ocrx_word' id='word_1_285' title='bbox 1105 3814 1204 3899; x_wconf 91' lang='lat' dir='ltr'>pluris</span> <span class='ocrx_word' id='word_1_286' title='bbox 1222 3814 1322 3878; x_wconf 86' lang='lat' dir='ltr'>fessos</span> <span class='ocrx_word' id='word_1_287' title='bbox 1343 3832 1356 3876; x_wconf 81' lang='lat' dir='ltr'>r</span> 
     </span>
     <span class='ocr_line' id='line_1_37' title="bbox 299 3908 1357 3997; baseline -0.004 -24"><span class='ocrx_word' id='word_1_288' title='bbox 299 3911 502 3975; x_wconf 90' lang='lat' dir='ltr'>consectandi</span> <span class='ocrx_word' id='word_1_289' title='bbox 524 3911 669 3977; x_wconf 89' lang='lat' dir='ltr'>hostibus</span> <span class='ocrx_word' id='word_1_290' title='bbox 693 3913 785 3997; x_wconf 85' lang='lat' dir='ltr'>copia</span> <span class='ocrx_word' id='word_1_291' title='bbox 805 3912 876 3976; x_wconf 86' lang='lat' dir='ltr'>fuit.</span> <span class='ocrx_word' id='word_1_292' title='bbox 921 3934 961 3976; x_wconf 91' lang='lat' dir='ltr'>ne</span> <span class='ocrx_word' id='word_1_293' title='bbox 984 3921 1125 3975; x_wconf 88' lang='lat' dir='ltr'>moratus</span> <span class='ocrx_word' id='word_1_294' title='bbox 1144 3909 1272 3993; x_wconf 88' lang='lat' dir='ltr'>quidem</span> <span class='ocrx_word' id='word_1_295' title='bbox 1290 3908 1323 3970; x_wconf 93' lang='lat' dir='ltr'>in</span> <span class='ocrx_word' id='word_1_296' title='bbox 1341 3922 1357 3970; x_wconf 85' lang='lat'><em>8</em></span> 
     </span>
     <span class='ocr_line' id='line_1_38' title="bbox 300 4004 1323 4092; baseline -0.004 -23"><span class='ocrx_word' id='word_1_297' title='bbox 300 4005 410 4070; x_wconf 89' lang='lat' dir='ltr'>castris</span> <span class='ocrx_word' id='word_1_298' title='bbox 428 4005 572 4091; x_wconf 87' lang='lat' dir='ltr'>Appius,</span> <span class='ocrx_word' id='word_1_299' title='bbox 597 4018 635 4072; x_wconf 88' lang='lat' dir='ltr'>ut</span> <span class='ocrx_word' id='word_1_300' title='bbox 657 4029 731 4073; x_wconf 89' lang='lat' dir='ltr'>suos</span> <span class='ocrx_word' id='word_1_301' title='bbox 749 4006 918 4092; x_wconf 87' lang='lat' dir='ltr'>dissipatos</span> <span class='ocrx_word' id='word_1_302' title='bbox 942 4006 1021 4092; x_wconf 84' lang='lat' dir='ltr'>fuga</span> <span class='ocrx_word' id='word_1_303' title='bbox 1038 4004 1215 4088; x_wconf 87' lang='lat' dir='ltr'>colligeret,</span> <span class='ocrx_word' id='word_1_304' title='bbox 1241 4022 1323 4086; x_wconf 87' lang='lat' dir='ltr'>quae</span> 
     </span>
     <span class='ocr_line' id='line_1_39' title="bbox 299 4097 1323 4187; baseline -0.004 -24"><span class='ocrx_word' id='word_1_305' title='bbox 299 4121 350 4165; x_wconf 89' lang='lat' dir='ltr'>res</span> <span class='ocrx_word' id='word_1_306' title='bbox 367 4100 482 4185; x_wconf 87' lang='lat' dir='ltr'>palatis</span> <span class='ocrx_word' id='word_1_307' title='bbox 503 4123 560 4186; x_wconf 89' lang='lat' dir='ltr'>per</span> <span class='ocrx_word' id='word_1_308' title='bbox 578 4123 672 4187; x_wconf 86' lang='lat' dir='ltr'>agros</span> <span class='ocrx_word' id='word_1_309' title='bbox 690 4102 785 4166; x_wconf 87' lang='lat' dir='ltr'>saluti</span> <span class='ocrx_word' id='word_1_310' title='bbox 807 4101 935 4177; x_wconf 87' lang='lat' dir='ltr'>fuisset,</span> <span class='ocrx_word' id='word_1_311' title='bbox 963 4100 1004 4168; x_wconf 91' lang='lat' dir='ltr'>ad</span> <span class='ocrx_word' id='word_1_312' title='bbox 1022 4097 1227 4184; x_wconf 89' lang='lat' dir='ltr'>Lychnidum</span> <span class='ocrx_word' id='word_1_313' title='bbox 1250 4117 1323 4181; x_wconf 90' lang='lat' dir='ltr'>pro·</span> 
     </span>
     <span class='ocr_line' id='line_1_40' title="bbox 300 4194 818 4280; baseline 0.002 -22"><span class='ocrx_word' id='word_1_314' title='bbox 300 4194 385 4260; x_wconf 88' lang='lat' dir='ltr'>tinus</span> <span class='ocrx_word' id='word_1_315' title='bbox 403 4195 551 4280; x_wconf 85' lang='lat' dir='ltr'>reliquias</span> <span class='ocrx_word' id='word_1_316' title='bbox 569 4195 667 4261; x_wconf 87' lang='lat' dir='ltr'>cladis</span> <span class='ocrx_word' id='word_1_317' title='bbox 683 4195 818 4262; x_wconf 84' lang='lat' dir='ltr'>reduxit.</span> 
     </span>
    </p>
   </div>
   <div class='ocr_carea' id='block_1_3' title="bbox 0 0 1704 4975">
    <p class='ocr_par' dir='ltr' id='par_1_4' title="bbox 0 0 1704 4975">
     <span class='ocr_line' id='line_1_41' title="bbox 0 0 1704 4975; baseline 0 0"><span class='ocrx_word' id='word_1_318' title='bbox 0 0 1704 4975; x_wconf 95' lang='lat' dir='ltr'> </span> 
     </span>
    </p>
   </div>
  </div>
 </body>
</html>
