<?xml version="1.0" encoding="UTF-8"?>
<!DOCTYPE html PUBLIC "-//W3C//DTD XHTML 1.0 Transitional//EN"
    "http://www.w3.org/TR/xhtml1/DTD/xhtml1-transitional.dtd">
<html xmlns="http://www.w3.org/1999/xhtml" xml:lang="en" lang="en">
 <head>
  <title>
</title>
<meta http-equiv="Content-Type" content="text/html;charset=utf-8" />
  <meta name='ocr-system' content='tesseract 3.04.00' />
  <meta name='ocr-capabilities' content='ocr_page ocr_carea ocr_par ocr_line ocrx_word'/>
</head>
<body>
  <div class='ocr_page' id='page_1' title='image "./titiliviaburbec04livygoog_0178.png"; bbox 0 0 3384 4975; ppageno 0'>
   <div class='ocr_carea' id='block_1_1' title="bbox 339 509 1138 584">
    <p class='ocr_par' dir='ltr' id='par_1_1' title="bbox 339 509 1138 584">
     <span class='ocr_line' id='line_1_1' title="bbox 339 509 1138 584; baseline -0.011 -8"><span class='ocrx_word' id='word_1_1' title='bbox 339 509 404 576; x_wconf 85' lang='grc'>156</span> <span class='ocrx_word' id='word_1_2' title='bbox 560 518 679 573; x_wconf 82' lang='lat' dir='ltr'>LIBER</span> <span class='ocrx_word' id='word_1_3' title='bbox 694 516 851 584; x_wconf 85' lang='lat' dir='ltr'>XXXXV,</span> <span class='ocrx_word' id='word_1_4' title='bbox 868 516 894 569; x_wconf 80' lang='grc'>6.</span> <span class='ocrx_word' id='word_1_5' title='bbox 909 515 933 568; x_wconf 82' lang='grc'>7.</span> <span class='ocrx_word' id='word_1_6' title='bbox 954 514 1138 583; x_wconf 56' lang='grc'>[1111586]</span> 
     </span>
    </p>
   </div>
   <div class='ocr_carea' id='block_1_2' title="bbox 292 671 1376 4138">
    <p class='ocr_par' dir='ltr' id='par_1_2' title="bbox 338 671 1376 854">
     <span class='ocr_line' id='line_1_2' title="bbox 338 671 1376 757; baseline -0.002 -14"><span class='ocrx_word' id='word_1_7' title='bbox 338 690 434 746; x_wconf 86' lang='lat' dir='ltr'>nocte</span> <span class='ocrx_word' id='word_1_8' title='bbox 448 676 556 741; x_wconf 86' lang='lat' dir='ltr'>media</span> <span class='ocrx_word' id='word_1_9' title='bbox 572 697 647 740; x_wconf 84' lang='lat' dir='ltr'>eum</span> <span class='ocrx_word' id='word_1_10' title='bbox 666 674 769 738; x_wconf 87' lang='lat' dir='ltr'>tribus</span> <span class='ocrx_word' id='word_1_11' title='bbox 786 671 921 736; x_wconf 87' lang='lat' dir='ltr'>consciis</span> <span class='ocrx_word' id='word_1_12' title='bbox 937 671 1036 756; x_wconf 81' lang='lat' dir='ltr'>fugae</span> <span class='ocrx_word' id='word_1_13' title='bbox 1058 694 1117 756; x_wconf 89' lang='lat' dir='ltr'>per</span> <span class='ocrx_word' id='word_1_14' title='bbox 1136 671 1296 757; x_wconf 90' lang='lat' dir='ltr'>posticum</span> <span class='ocrx_word' id='word_1_15' title='bbox 1314 698 1376 742; x_wconf 90' lang='lat' dir='ltr'>ae·</span> 
     </span>
     <span class='ocr_line' id='line_1_3' title="bbox 340 766 1372 854; baseline -0.004 -17"><span class='ocrx_word' id='word_1_16' title='bbox 340 771 472 838; x_wconf 91' lang='lat' dir='ltr'>diumin</span> <span class='ocrx_word' id='word_1_17' title='bbox 484 769 673 854; x_wconf 80' lang='lat' dir='ltr'>propincum</span> <span class='ocrx_word' id='word_1_18' title='bbox 681 767 828 832; x_wconf 87' lang='lat' dir='ltr'>cubiculo</span> <span class='ocrx_word' id='word_1_19' title='bbox 842 766 980 841; x_wconf 86' lang='lat' dir='ltr'>hortum,</span> <span class='ocrx_word' id='word_1_20' title='bbox 998 776 1095 848; x_wconf 86' lang='lat' dir='ltr'>atque</span> <span class='ocrx_word' id='word_1_21' title='bbox 1107 766 1182 830; x_wconf 88' lang='lat' dir='ltr'>inde</span> <span class='ocrx_word' id='word_1_22' title='bbox 1194 769 1372 833; x_wconf 87' lang='lat' dir='ltr'>maceriam</span> 
     </span>
    </p>

    <p class='ocr_par' dir='ltr' id='par_1_3' title="bbox 307 856 1374 1047">
     <span class='ocr_line' id='line_1_4' title="bbox 307 856 1373 950; baseline -0.001 -21"><span class='ocrx_word' id='word_1_23' title='bbox 307 890 323 936; x_wconf 77' lang='lat'><strong>5</strong></span> <span class='ocrx_word' id='word_1_24' title='bbox 341 887 438 950; x_wconf 85' lang='lat' dir='ltr'>aegre</span> <span class='ocrx_word' id='word_1_25' title='bbox 454 876 671 947; x_wconf 84' lang='lat' dir='ltr'>transgressus</span> <span class='ocrx_word' id='word_1_26' title='bbox 688 861 731 924; x_wconf 86' lang='lat' dir='ltr'>ad</span> <span class='ocrx_word' id='word_1_27' title='bbox 753 881 841 924; x_wconf 88' lang='lat' dir='ltr'>mare</span> <span class='ocrx_word' id='word_1_28' title='bbox 859 859 1013 943; x_wconf 86' lang='lat' dir='ltr'>pervenit</span> <span class='ocrx_word' id='word_1_29' title='bbox 1050 856 1219 924; x_wconf 79' lang='lat' dir='ltr'>Oroandes</span> <span class='ocrx_word' id='word_1_30' title='bbox 1241 872 1373 928; x_wconf 90' lang='lat' dir='ltr'>tantum</span> 
     </span>
     <span class='ocr_line' id='line_1_5' title="bbox 341 952 1374 1047; baseline -0.002 -24"><span class='ocrx_word' id='word_1_31' title='bbox 341 954 528 1047; x_wconf 84' lang='lat' dir='ltr'>[moratns]‚</span> <span class='ocrx_word' id='word_1_32' title='bbox 556 957 634 1020; x_wconf 92' lang='lat' dir='ltr'>dum</span> <span class='ocrx_word' id='word_1_33' title='bbox 658 954 795 1039; x_wconf 86' lang='lat' dir='ltr'>pecunia</span> <span class='ocrx_word' id='word_1_34' title='bbox 816 953 973 1029; x_wconf 83' lang='lat' dir='ltr'><strong>defertur,</strong></span> <span class='ocrx_word' id='word_1_35' title='bbox 999 952 1110 1038; x_wconf 88' lang='lat' dir='ltr'>primis</span> <span class='ocrx_word' id='word_1_36' title='bbox 1138 955 1277 1019; x_wconf 88' lang='lat' dir='ltr'>tenebris</span> <span class='ocrx_word' id='word_1_37' title='bbox 1305 958 1374 1021; x_wconf 88' lang='lat' dir='ltr'>sol·</span> 
     </span>
    </p>

    <p class='ocr_par' dir='ltr' id='par_1_4' title="bbox 307 1045 1371 1416">
     <span class='ocr_line' id='line_1_6' title="bbox 307 1045 1370 1133; baseline -0.008 -11"><span class='ocrx_word' id='word_1_38' title='bbox 307 1076 323 1122; x_wconf 85' lang='lat'><strong>6</strong></span> <span class='ocrx_word' id='word_1_39' title='bbox 340 1063 432 1119; x_wconf 80' lang='lat' dir='ltr'>verat</span> <span class='ocrx_word' id='word_1_40' title='bbox 448 1073 564 1115; x_wconf 89' lang='lat' dir='ltr'>navem</span> <span class='ocrx_word' id='word_1_41' title='bbox 582 1071 620 1115; x_wconf 91' lang='lat' dir='ltr'>ac</span> <span class='ocrx_word' id='word_1_42' title='bbox 637 1071 696 1133; x_wconf 90' lang='lat' dir='ltr'>per</span> <span class='ocrx_word' id='word_1_43' title='bbox 712 1049 813 1112; x_wconf 91' lang='lat' dir='ltr'>altum</span> <span class='ocrx_word' id='word_1_44' title='bbox 831 1045 963 1112; x_wconf 82' lang='lat' dir='ltr'>Cretam</span> <span class='ocrx_word' id='word_1_45' title='bbox 980 1047 1120 1130; x_wconf 85' lang='lat' dir='ltr'>petebat.</span> <span class='ocrx_word' id='word_1_46' title='bbox 1146 1059 1316 1131; x_wconf 82' lang='lat' dir='ltr'><strong>postquam</strong></span> <span class='ocrx_word' id='word_1_47' title='bbox 1334 1051 1370 1114; x_wconf 91' lang='lat' dir='ltr'>in</span> 
     </span>
     <span class='ocr_line' id='line_1_7' title="bbox 338 1140 1370 1232; baseline -0.003 -22"><span class='ocrx_word' id='word_1_48' title='bbox 338 1156 436 1232; x_wconf 89' lang='lat' dir='ltr'>portu</span> <span class='ocrx_word' id='word_1_49' title='bbox 452 1144 543 1208; x_wconf 88' lang='lat' dir='ltr'>navis</span> <span class='ocrx_word' id='word_1_50' title='bbox 560 1164 626 1206; x_wconf 92' lang='lat' dir='ltr'>non</span> <span class='ocrx_word' id='word_1_51' title='bbox 642 1143 773 1206; x_wconf 85' lang='lat' dir='ltr'>inventa</span> <span class='ocrx_word' id='word_1_52' title='bbox 790 1151 849 1217; x_wconf 85' lang='lat' dir='ltr'>est,</span> <span class='ocrx_word' id='word_1_53' title='bbox 866 1151 1003 1225; x_wconf 84' lang='lat' dir='ltr'>vagatus</span> <span class='ocrx_word' id='word_1_54' title='bbox 1012 1140 1152 1205; x_wconf 90' lang='lat' dir='ltr'>Perseus</span> <span class='ocrx_word' id='word_1_55' title='bbox 1171 1142 1370 1224; x_wconf 82' lang='lat' dir='ltr'>aliquamdiu</span> 
     </span>
     <span class='ocr_line' id='line_1_8' title="bbox 339 1234 1371 1321; baseline -0.006 -15"><span class='ocrx_word' id='word_1_56' title='bbox 339 1241 375 1306; x_wconf 89' lang='lat' dir='ltr'>in</span> <span class='ocrx_word' id='word_1_57' title='bbox 391 1239 498 1313; x_wconf 89' lang='lat' dir='ltr'>litore,</span> <span class='ocrx_word' id='word_1_58' title='bbox 521 1248 682 1321; x_wconf 89' lang='lat' dir='ltr'>postremo</span> <span class='ocrx_word' id='word_1_59' title='bbox 703 1236 819 1298; x_wconf 91' lang='lat' dir='ltr'>timens</span> <span class='ocrx_word' id='word_1_60' title='bbox 841 1235 947 1299; x_wconf 90' lang='lat' dir='ltr'>lucem</span> <span class='ocrx_word' id='word_1_61' title='bbox 964 1235 1029 1297; x_wconf 86' lang='lat' dir='ltr'>iarn</span> <span class='ocrx_word' id='word_1_62' title='bbox 1046 1234 1371 1319; x_wconf 81' lang='lat' dir='ltr'>adpropinquantem,</span> 
     </span>
     <span class='ocr_line' id='line_1_9' title="bbox 339 1328 1371 1416; baseline -0.004 -19"><span class='ocrx_word' id='word_1_63' title='bbox 339 1333 375 1398; x_wconf 89' lang='lat' dir='ltr'>in</span> <span class='ocrx_word' id='word_1_64' title='bbox 391 1330 564 1416; x_wconf 73' lang='lat' dir='ltr'>hospitium</span> <span class='ocrx_word' id='word_1_65' title='bbox 576 1329 679 1394; x_wconf 90' lang='lat' dir='ltr'>redire</span> <span class='ocrx_word' id='word_1_66' title='bbox 692 1350 758 1391; x_wconf 91' lang='lat' dir='ltr'>non</span> <span class='ocrx_word' id='word_1_67' title='bbox 772 1351 879 1403; x_wconf 92' lang='lat' dir='ltr'>ausus,</span> <span class='ocrx_word' id='word_1_68' title='bbox 897 1328 931 1392; x_wconf 92' lang='lat' dir='ltr'>in</span> <span class='ocrx_word' id='word_1_69' title='bbox 948 1329 1046 1393; x_wconf 87' lang='lat' dir='ltr'>latere</span> <span class='ocrx_word' id='word_1_70' title='bbox 1064 1329 1175 1412; x_wconf 90' lang='lat' dir='ltr'>templi</span> <span class='ocrx_word' id='word_1_71' title='bbox 1192 1351 1292 1413; x_wconf 90' lang='lat' dir='ltr'>prope</span> <span class='ocrx_word' id='word_1_72' title='bbox 1311 1354 1371 1393; x_wconf 92' lang='lat' dir='ltr'>an-</span> 
     </span>
    </p>

    <p class='ocr_par' dir='ltr' id='par_1_5' title="bbox 309 1423 1370 1789">
     <span class='ocr_line' id='line_1_10' title="bbox 309 1423 1370 1512; baseline -0.007 -17"><span class='ocrx_word' id='word_1_73' title='bbox 309 1427 455 1512; x_wconf 76' lang='lat' dir='ltr'>tgulum</span> <span class='ocrx_word' id='word_1_74' title='bbox 478 1425 650 1489; x_wconf 88' lang='lat' dir='ltr'>obscurum</span> <span class='ocrx_word' id='word_1_75' title='bbox 671 1423 806 1487; x_wconf 91' lang='lat' dir='ltr'>delituit.</span> <span class='ocrx_word' id='word_1_76' title='bbox 850 1424 942 1508; x_wconf 88' lang='lat' dir='ltr'>pueri</span> <span class='ocrx_word' id='word_1_77' title='bbox 964 1424 1045 1507; x_wconf 86' lang='lat' dir='ltr'>regii</span> <span class='ocrx_word' id='word_1_78' title='bbox 1066 1435 1145 1508; x_wconf 91' lang='lat' dir='ltr'>aput</span> <span class='ocrx_word' id='word_1_79' title='bbox 1168 1423 1370 1488; x_wconf 83' lang='lat' dir='ltr'>Macedonas</span> 
     </span>
     <span class='ocr_line' id='line_1_11' title="bbox 341 1517 1369 1603; baseline -0.003 -19"><span class='ocrx_word' id='word_1_80' title='bbox 341 1519 538 1584; x_wconf 82' lang='lat' dir='ltr'>vocabantur</span> <span class='ocrx_word' id='word_1_81' title='bbox 559 1517 739 1603; x_wconf 84' lang='lat' dir='ltr'>principum</span> <span class='ocrx_word' id='word_1_82' title='bbox 759 1517 853 1582; x_wconf 88' lang='lat' dir='ltr'>liberi</span> <span class='ocrx_word' id='word_1_83' title='bbox 871 1518 911 1581; x_wconf 90' lang='lat' dir='ltr'>ad</span> <span class='ocrx_word' id='word_1_84' title='bbox 928 1517 1140 1581; x_wconf 89' lang='lat' dir='ltr'>ministerium</span> <span class='ocrx_word' id='word_1_85' title='bbox 1158 1517 1250 1581; x_wconf 89' lang='lat' dir='ltr'>electi</span> <span class='ocrx_word' id='word_1_86' title='bbox 1266 1519 1369 1602; x_wconf 80' lang='lat' dir='ltr'>regis3</span> 
     </span>
     <span class='ocr_line' id='line_1_12' title="bbox 341 1611 1369 1696; baseline -0.003 -18"><span class='ocrx_word' id='word_1_87' title='bbox 341 1635 382 1678; x_wconf 89' lang='lat' dir='ltr'>ea</span> <span class='ocrx_word' id='word_1_88' title='bbox 406 1611 520 1677; x_wconf 90' lang='lat' dir='ltr'>cohors</span> <span class='ocrx_word' id='word_1_89' title='bbox 545 1622 713 1696; x_wconf 88' lang='lat' dir='ltr'>persecuta</span> <span class='ocrx_word' id='word_1_90' title='bbox 739 1633 851 1695; x_wconf 85' lang='lat' dir='ltr'>regem</span> <span class='ocrx_word' id='word_1_91' title='bbox 875 1611 1051 1696; x_wconf 85' lang='lat' dir='ltr'>fugientem</span> <span class='ocrx_word' id='word_1_92' title='bbox 1076 1622 1211 1675; x_wconf 91' lang='lat' dir='ltr'>netum</span> <span class='ocrx_word' id='word_1_93' title='bbox 1236 1612 1369 1693; x_wconf 90' lang='lat' dir='ltr'>quidem</span> 
     </span>
     <span class='ocr_line' id='line_1_13' title="bbox 341 1701 1369 1789; baseline -0.003 -18"><span class='ocrx_word' id='word_1_94' title='bbox 341 1705 543 1781; x_wconf 78' lang='lat' dir='ltr'>abscedebat,</span> <span class='ocrx_word' id='word_1_95' title='bbox 562 1701 663 1768; x_wconf 89' lang='lat' dir='ltr'>donec</span> <span class='ocrx_word' id='word_1_96' title='bbox 679 1705 768 1767; x_wconf 87' lang='lat' dir='ltr'>iussu</span> <span class='ocrx_word' id='word_1_97' title='bbox 778 1701 839 1767; x_wconf 88' lang='lat' dir='ltr'>Cn.</span> <span class='ocrx_word' id='word_1_98' title='bbox 851 1701 969 1768; x_wconf 82' lang='lat' dir='ltr'>Octavi</span> <span class='ocrx_word' id='word_1_99' title='bbox 986 1705 1227 1788; x_wconf 88' lang='lat' dir='ltr'>pronuntiatum</span> <span class='ocrx_word' id='word_1_100' title='bbox 1244 1718 1294 1769; x_wconf 89' lang='lat' dir='ltr'>est</span> <span class='ocrx_word' id='word_1_101' title='bbox 1310 1727 1369 1789; x_wconf 89' lang='lat' dir='ltr'>per</span> 
     </span>
    </p>

    <p class='ocr_par' dir='ltr' id='par_1_6' title="bbox 307 1797 1370 2069">
     <span class='ocr_line' id='line_1_14' title="bbox 307 1797 1370 1885; baseline -0.003 -21"><span class='ocrx_word' id='word_1_102' title='bbox 307 1823 323 1870; x_wconf 86' lang='lat' dir='ltr'>s</span> <span class='ocrx_word' id='word_1_103' title='bbox 341 1820 541 1885; x_wconf 86' lang='lat' dir='ltr'>praeconem,</span> <span class='ocrx_word' id='word_1_104' title='bbox 559 1798 664 1882; x_wconf 85' lang='lat' dir='ltr'>regios</span> <span class='ocrx_word' id='word_1_105' title='bbox 681 1818 797 1881; x_wconf 90' lang='lat' dir='ltr'>pueros</span> <span class='ocrx_word' id='word_1_106' title='bbox 805 1797 1065 1880; x_wconf 83' lang='lat' dir='ltr'>Macedonasque</span> <span class='ocrx_word' id='word_1_107' title='bbox 1081 1798 1169 1875; x_wconf 90' lang='lat' dir='ltr'>alios,</span> <span class='ocrx_word' id='word_1_108' title='bbox 1188 1799 1244 1880; x_wconf 93' lang='lat' dir='ltr'>qui</span> <span class='ocrx_word' id='word_1_109' title='bbox 1254 1797 1370 1863; x_wconf 87' lang='lat' dir='ltr'>Sarno-</span> 
     </span>
     <span class='ocr_line' id='line_1_15' title="bbox 341 1891 1367 1970; baseline -0.001 -13"><span class='ocrx_word' id='word_1_110' title='bbox 341 1893 470 1958; x_wconf 87' lang='lat' dir='ltr'>thracae</span> <span class='ocrx_word' id='word_1_111' title='bbox 487 1903 608 1968; x_wconf 88' lang='lat' dir='ltr'>essent,</span> <span class='ocrx_word' id='word_1_112' title='bbox 625 1891 654 1955; x_wconf 87' lang='lat' dir='ltr'>si</span> <span class='ocrx_word' id='word_1_113' title='bbox 670 1891 840 1956; x_wconf 81' lang='lat' dir='ltr'>transirent</span> <span class='ocrx_word' id='word_1_114' title='bbox 856 1892 899 1956; x_wconf 90' lang='lat' dir='ltr'>ad</span> <span class='ocrx_word' id='word_1_115' title='bbox 916 1892 1094 1970; x_wconf 84' lang='lat' dir='ltr'>Romanos,</span> <span class='ocrx_word' id='word_1_116' title='bbox 1116 1893 1367 1958; x_wconf 89' lang='lat' dir='ltr'>incolumitatem</span> 
     </span>
     <span class='ocr_line' id='line_1_16' title="bbox 340 1984 1368 2069; baseline -0.001 -18"><span class='ocrx_word' id='word_1_117' title='bbox 340 1984 583 2069; x_wconf 87' lang='lat' dir='ltr'>libertatemque</span> <span class='ocrx_word' id='word_1_118' title='bbox 601 1997 634 2050; x_wconf 85' lang='lat' dir='ltr'>at</span> <span class='ocrx_word' id='word_1_119' title='bbox 656 2008 714 2049; x_wconf 90' lang='lat' dir='ltr'>sua</span> <span class='ocrx_word' id='word_1_120' title='bbox 732 1986 840 2049; x_wconf 89' lang='lat' dir='ltr'>omnia</span> <span class='ocrx_word' id='word_1_121' title='bbox 856 1997 1052 2063; x_wconf 84' lang='lat' dir='ltr'>servaturos,</span> <span class='ocrx_word' id='word_1_122' title='bbox 1079 1998 1135 2050; x_wconf 91' lang='lat' dir='ltr'>aut</span> <span class='ocrx_word' id='word_1_123' title='bbox 1153 2008 1235 2069; x_wconf 88' lang='lat' dir='ltr'>quae</span> <span class='ocrx_word' id='word_1_124' title='bbox 1259 2010 1368 2052; x_wconf 87' lang='lat' dir='ltr'>secum</span> 
     </span>
    </p>

    <p class='ocr_par' dir='ltr' id='par_1_7' title="bbox 308 2080 1370 2541">
     <span class='ocr_line' id='line_1_17' title="bbox 308 2080 1368 2164; baseline -0.005 -15"><span class='ocrx_word' id='word_1_125' title='bbox 308 2101 324 2149; x_wconf 81' lang='lat' dir='ltr'>a</span> <span class='ocrx_word' id='word_1_126' title='bbox 341 2081 495 2146; x_wconf 89' lang='lat' dir='ltr'>haberent</span> <span class='ocrx_word' id='word_1_127' title='bbox 513 2081 618 2146; x_wconf 89' lang='lat' dir='ltr'>autin</span> <span class='ocrx_word' id='word_1_128' title='bbox 635 2080 828 2145; x_wconf 88' lang='lat' dir='ltr'>Macedonia</span> <span class='ocrx_word' id='word_1_129' title='bbox 844 2081 1054 2164; x_wconf 82' lang='lat' dir='ltr'>reliquissent.</span> <span class='ocrx_word' id='word_1_130' title='bbox 1092 2082 1133 2144; x_wconf 90' lang='lat' dir='ltr'>ad</span> <span class='ocrx_word' id='word_1_131' title='bbox 1155 2081 1237 2144; x_wconf 90' lang='lat' dir='ltr'>hanc</span> <span class='ocrx_word' id='word_1_132' title='bbox 1254 2104 1368 2146; x_wconf 82' lang='lat' dir='ltr'>vocem</span> 
     </span>
     <span class='ocr_line' id='line_1_18' title="bbox 341 2173 1370 2258; baseline -0.004 -16"><span class='ocrx_word' id='word_1_133' title='bbox 341 2176 486 2242; x_wconf 88' lang='lat' dir='ltr'>transitio</span> <span class='ocrx_word' id='word_1_134' title='bbox 504 2175 646 2239; x_wconf 89' lang='lat' dir='ltr'>omnium</span> <span class='ocrx_word' id='word_1_135' title='bbox 663 2175 749 2240; x_wconf 85' lang='lat' dir='ltr'>facta</span> <span class='ocrx_word' id='word_1_136' title='bbox 767 2187 824 2251; x_wconf 90' lang='lat' dir='ltr'>est,</span> <span class='ocrx_word' id='word_1_137' title='bbox 841 2177 1034 2258; x_wconf 87' lang='lat' dir='ltr'>nominaque</span> <span class='ocrx_word' id='word_1_138' title='bbox 1053 2174 1173 2239; x_wconf 87' lang='lat' dir='ltr'>dabant</span> <span class='ocrx_word' id='word_1_139' title='bbox 1191 2176 1232 2239; x_wconf 92' lang='lat' dir='ltr'>ad</span> <span class='ocrx_word' id='word_1_140' title='bbox 1248 2173 1287 2239; x_wconf 86' lang='lat' dir='ltr'>C.</span> <span class='ocrx_word' id='word_1_141' title='bbox 1302 2175 1370 2238; x_wconf 89' lang='lat' dir='ltr'>Po-</span> 
     </span>
     <span class='ocr_line' id='line_1_19' title="bbox 342 2268 1369 2353; baseline -0.003 -19"><span class='ocrx_word' id='word_1_142' title='bbox 342 2270 494 2334; x_wconf 89' lang='lat' dir='ltr'>sturnium</span> <span class='ocrx_word' id='word_1_143' title='bbox 508 2268 671 2333; x_wconf 88' lang='lat' dir='ltr'>tribunum</span> <span class='ocrx_word' id='word_1_144' title='bbox 687 2268 833 2333; x_wconf 88' lang='lat' dir='ltr'>militurn.</span> <span class='ocrx_word' id='word_1_145' title='bbox 860 2269 976 2333; x_wconf 90' lang='lat' dir='ltr'>liberos</span> <span class='ocrx_word' id='word_1_146' title='bbox 990 2290 1117 2352; x_wconf 88' lang='lat' dir='ltr'>quoque</span> <span class='ocrx_word' id='word_1_147' title='bbox 1132 2290 1248 2353; x_wconf 88' lang='lat' dir='ltr'>parvos</span> <span class='ocrx_word' id='word_1_148' title='bbox 1261 2269 1369 2351; x_wconf 84' lang='lat' dir='ltr'>regios</span> 
     </span>
     <span class='ocr_line' id='line_1_20' title="bbox 341 2359 1370 2445; baseline 0 -20"><span class='ocrx_word' id='word_1_149' title='bbox 341 2362 404 2426; x_wconf 95' lang='lat' dir='ltr'>Ion</span> <span class='ocrx_word' id='word_1_150' title='bbox 429 2360 721 2425; x_wconf 84' lang='lat' dir='ltr'>Thessalonicensis</span> <span class='ocrx_word' id='word_1_151' title='bbox 749 2359 886 2425; x_wconf 88' lang='lat' dir='ltr'>Octavio</span> <span class='ocrx_word' id='word_1_152' title='bbox 918 2363 1060 2439; x_wconf 86' lang='lat' dir='ltr'>tradidit,</span> <span class='ocrx_word' id='word_1_153' title='bbox 1094 2385 1155 2426; x_wconf 90' lang='lat' dir='ltr'>nec</span> <span class='ocrx_word' id='word_1_154' title='bbox 1187 2362 1370 2445; x_wconf 90' lang='lat' dir='ltr'>quisquam,</span> 
     </span>
     <span class='ocr_line' id='line_1_21' title="bbox 341 2452 1369 2541; baseline 0 -22"><span class='ocrx_word' id='word_1_155' title='bbox 341 2464 469 2541; x_wconf 88' lang='lat' dir='ltr'>praeter</span> <span class='ocrx_word' id='word_1_156' title='bbox 492 2452 680 2540; x_wconf 90' lang='lat' dir='ltr'>Philippum</span> <span class='ocrx_word' id='word_1_157' title='bbox 705 2454 882 2519; x_wconf 83' lang='lat' dir='ltr'>maximum</span> <span class='ocrx_word' id='word_1_158' title='bbox 906 2465 983 2520; x_wconf 87' lang='lat' dir='ltr'>natu</span> <span class='ocrx_word' id='word_1_159' title='bbox 1009 2479 1050 2522; x_wconf 86' lang='lat' dir='ltr'>ex</span> <span class='ocrx_word' id='word_1_160' title='bbox 1076 2456 1164 2533; x_wconf 93' lang='lat' dir='ltr'>filiis,</span> <span class='ocrx_word' id='word_1_161' title='bbox 1191 2478 1264 2520; x_wconf 90' lang='lat' dir='ltr'>cum</span> <span class='ocrx_word' id='word_1_162' title='bbox 1289 2476 1369 2539; x_wconf 83' lang='lat' dir='ltr'>rege</span> 
     </span>
    </p>

    <p class='ocr_par' dir='ltr' id='par_1_8' title="bbox 292 2547 1370 2731">
     <span class='ocr_line' id='line_1_22' title="bbox 292 2547 1370 2632; baseline -0.003 -18"><span class='ocrx_word' id='word_1_163' title='bbox 292 2571 325 2618; x_wconf 90' lang='lat'>10</span> <span class='ocrx_word' id='word_1_164' title='bbox 342 2549 481 2614; x_wconf 89' lang='lat' dir='ltr'>relictus.</span> <span class='ocrx_word' id='word_1_165' title='bbox 525 2558 594 2612; x_wconf 90' lang='lat' dir='ltr'>tum</span> <span class='ocrx_word' id='word_1_166' title='bbox 611 2570 683 2623; x_wconf 81' lang='lat' dir='ltr'>sese</span> <span class='ocrx_word' id='word_1_167' title='bbox 698 2548 864 2632; x_wconf 86' lang='lat' dir='ltr'>filiumque</span> <span class='ocrx_word' id='word_1_168' title='bbox 884 2547 1021 2614; x_wconf 82' lang='lat' dir='ltr'>Octavio</span> <span class='ocrx_word' id='word_1_169' title='bbox 1039 2551 1183 2623; x_wconf 84' lang='lat' dir='ltr'>tradidit,</span> <span class='ocrx_word' id='word_1_170' title='bbox 1206 2550 1370 2614; x_wconf 85' lang='lat' dir='ltr'>fortunam</span> 
     </span>
     <span class='ocr_line' id='line_1_23' title="bbox 342 2640 1369 2731; baseline -0.001 -23"><span class='ocrx_word' id='word_1_171' title='bbox 342 2644 497 2727; x_wconf 89' lang='lat' dir='ltr'>deosque,</span> <span class='ocrx_word' id='word_1_172' title='bbox 514 2664 650 2726; x_wconf 90' lang='lat' dir='ltr'>quorum</span> <span class='ocrx_word' id='word_1_173' title='bbox 667 2640 732 2731; x_wconf 91' lang='lat' dir='ltr'>[in]</span> <span class='ocrx_word' id='word_1_174' title='bbox 750 2644 869 2728; x_wconf 93' lang='lat' dir='ltr'>templo</span> <span class='ocrx_word' id='word_1_175' title='bbox 887 2654 991 2720; x_wconf 89' lang='lat' dir='ltr'>erant,</span> <span class='ocrx_word' id='word_1_176' title='bbox 1008 2645 1097 2708; x_wconf 90' lang='lat' dir='ltr'>nulla</span> <span class='ocrx_word' id='word_1_177' title='bbox 1114 2667 1174 2729; x_wconf 91' lang='lat' dir='ltr'>ope</span> <span class='ocrx_word' id='word_1_178' title='bbox 1193 2645 1369 2728; x_wconf 88' lang='lat' dir='ltr'>supplicem</span> 
     </span>
    </p>

    <p class='ocr_par' dir='ltr' id='par_1_9' title="bbox 293 2738 1370 2917">
     <span class='ocr_line' id='line_1_24' title="bbox 293 2738 1370 2825; baseline -0.002 -21"><span class='ocrx_word' id='word_1_179' title='bbox 293 2758 323 2804; x_wconf 88' lang='lat'>11</span> <span class='ocrx_word' id='word_1_180' title='bbox 341 2738 481 2803; x_wconf 83' lang='lat' dir='ltr'>iuvantis</span> <span class='ocrx_word' id='word_1_181' title='bbox 504 2760 668 2803; x_wconf 90' lang='lat' dir='ltr'>accusans.</span> <span class='ocrx_word' id='word_1_182' title='bbox 713 2739 748 2803; x_wconf 93' lang='lat' dir='ltr'>in</span> <span class='ocrx_word' id='word_1_183' title='bbox 767 2738 960 2825; x_wconf 87' lang='lat' dir='ltr'>praetoriam</span> <span class='ocrx_word' id='word_1_184' title='bbox 982 2762 1098 2804; x_wconf 88' lang='lat' dir='ltr'>navem</span> <span class='ocrx_word' id='word_1_185' title='bbox 1121 2740 1230 2824; x_wconf 90' lang='lat' dir='ltr'>inponi</span> <span class='ocrx_word' id='word_1_186' title='bbox 1252 2741 1370 2813; x_wconf 91' lang='lat' dir='ltr'>iussus,</span> 
     </span>
     <span class='ocr_line' id='line_1_25' title="bbox 343 2831 1370 2917; baseline -0.001 -21"><span class='ocrx_word' id='word_1_187' title='bbox 343 2833 456 2897; x_wconf 89' lang='lat' dir='ltr'>eodem</span> <span class='ocrx_word' id='word_1_188' title='bbox 476 2843 508 2896; x_wconf 95' lang='lat' dir='ltr'>et</span> <span class='ocrx_word' id='word_1_189' title='bbox 524 2832 661 2915; x_wconf 90' lang='lat' dir='ltr'>pecunia</span> <span class='ocrx_word' id='word_1_190' title='bbox 677 2853 760 2915; x_wconf 88' lang='lat' dir='ltr'>quae</span> <span class='ocrx_word' id='word_1_191' title='bbox 780 2832 937 2917; x_wconf 83' lang='lat' dir='ltr'>superfuit</span> <span class='ocrx_word' id='word_1_192' title='bbox 949 2831 1055 2897; x_wconf 90' lang='lat' dir='ltr'>delata</span> <span class='ocrx_word' id='word_1_193' title='bbox 1069 2844 1126 2908; x_wconf 87' lang='lat' dir='ltr'>est,</span> <span class='ocrx_word' id='word_1_194' title='bbox 1145 2835 1370 2917; x_wconf 85' lang='lat' dir='ltr'>extemploque</span> 
     </span>
    </p>

    <p class='ocr_par' dir='ltr' id='par_1_10' title="bbox 294 2922 1370 3177">
     <span class='ocr_line' id='line_1_26' title="bbox 294 2922 1370 3013; baseline 0 -25"><span class='ocrx_word' id='word_1_195' title='bbox 294 2942 325 2988; x_wconf 84' lang='lat'>12</span> <span class='ocrx_word' id='word_1_196' title='bbox 344 2925 453 2988; x_wconf 88' lang='lat' dir='ltr'>classis</span> <span class='ocrx_word' id='word_1_197' title='bbox 462 2925 683 3009; x_wconf 89' lang='lat' dir='ltr'>Amphipolim</span> <span class='ocrx_word' id='word_1_198' title='bbox 697 2926 820 3011; x_wconf 90' lang='lat' dir='ltr'>repetit.</span> <span class='ocrx_word' id='word_1_199' title='bbox 847 2925 921 2989; x_wconf 90' lang='lat' dir='ltr'>inde</span> <span class='ocrx_word' id='word_1_200' title='bbox 933 2922 1088 2991; x_wconf 89' lang='lat' dir='ltr'>Octavius</span> <span class='ocrx_word' id='word_1_201' title='bbox 1102 2929 1254 3013; x_wconf 88' lang='lat' dir='ltr'>regemin</span> <span class='ocrx_word' id='word_1_202' title='bbox 1265 2940 1370 2990; x_wconf 88' lang='lat' dir='ltr'>castra</span> 
     </span>
     <span class='ocr_line' id='line_1_27' title="bbox 343 3017 1370 3107; baseline 0.002 -27"><span class='ocrx_word' id='word_1_203' title='bbox 343 3017 386 3081; x_wconf 84' lang='lat' dir='ltr'>ad</span> <span class='ocrx_word' id='word_1_204' title='bbox 404 3018 565 3081; x_wconf 89' lang='lat' dir='ltr'>consulem</span> <span class='ocrx_word' id='word_1_205' title='bbox 582 3018 668 3082; x_wconf 92' lang='lat' dir='ltr'>misit</span> <span class='ocrx_word' id='word_1_206' title='bbox 684 3018 866 3104; x_wconf 88' lang='lat' dir='ltr'>praemissis</span> <span class='ocrx_word' id='word_1_207' title='bbox 884 3018 1007 3098; x_wconf 87' lang='lat' dir='ltr'>litteris,</span> <span class='ocrx_word' id='word_1_208' title='bbox 1025 3032 1061 3085; x_wconf 92' lang='lat' dir='ltr'>ut</span> <span class='ocrx_word' id='word_1_209' title='bbox 1074 3022 1108 3085; x_wconf 92' lang='lat' dir='ltr'>in</span> <span class='ocrx_word' id='word_1_210' title='bbox 1125 3030 1280 3107; x_wconf 85' lang='lat' dir='ltr'>potestate</span> <span class='ocrx_word' id='word_1_211' title='bbox 1294 3042 1370 3084; x_wconf 90' lang='lat' dir='ltr'>eum</span> 
     </span>
     <span class='ocr_line' id='line_1_28' title="bbox 345 3109 718 3177; baseline 0.003 -2"><span class='ocrx_word' id='word_1_212' title='bbox 345 3132 414 3175; x_wconf 90' lang='lat' dir='ltr'>esse</span> <span class='ocrx_word' id='word_1_213' title='bbox 432 3121 465 3173; x_wconf 95' lang='lat' dir='ltr'>et</span> <span class='ocrx_word' id='word_1_214' title='bbox 482 3109 598 3175; x_wconf 85' lang='lat' dir='ltr'>adduci</span> <span class='ocrx_word' id='word_1_215' title='bbox 615 3113 718 3177; x_wconf 89' lang='lat' dir='ltr'>sciret.</span> 
     </span>
    </p>

    <p class='ocr_par' dir='ltr' id='par_1_11' title="bbox 311 3203 1372 3575">
     <span class='ocr_line' id='line_1_29' title="bbox 311 3203 1370 3286; baseline 0 -17"><span class='ocrx_word' id='word_1_216' title='bbox 311 3225 325 3269; x_wconf 94' lang='lat'>1</span> <span class='ocrx_word' id='word_1_217' title='bbox 410 3203 488 3270; x_wconf 88' lang='lat' dir='ltr'>VH.</span> <span class='ocrx_word' id='word_1_218' title='bbox 521 3203 703 3270; x_wconf 89' lang='lat' dir='ltr'>Secundam</span> <span class='ocrx_word' id='word_1_219' title='bbox 729 3228 801 3271; x_wconf 90' lang='lat' dir='ltr'>eam</span> <span class='ocrx_word' id='word_1_220' title='bbox 822 3205 960 3286; x_wconf 88' lang='lat' dir='ltr'>Paulus,</span> <span class='ocrx_word' id='word_1_221' title='bbox 989 3209 1070 3272; x_wconf 91' lang='lat' dir='ltr'>sicut</span> <span class='ocrx_word' id='word_1_222' title='bbox 1096 3219 1176 3283; x_wconf 87' lang='lat' dir='ltr'>erat,</span> <span class='ocrx_word' id='word_1_223' title='bbox 1203 3207 1370 3271; x_wconf 87' lang='lat' dir='ltr'>victoriam</span> 
     </span>
     <span class='ocr_line' id='line_1_30' title="bbox 343 3298 1371 3386; baseline 0.001 -23"><span class='ocrx_word' id='word_1_224' title='bbox 343 3309 430 3363; x_wconf 91' lang='lat' dir='ltr'>ratus</span> <span class='ocrx_word' id='word_1_225' title='bbox 445 3298 589 3364; x_wconf 87' lang='lat' dir='ltr'>victimas</span> <span class='ocrx_word' id='word_1_226' title='bbox 604 3300 716 3365; x_wconf 86' lang='lat' dir='ltr'>cecidit</span> <span class='ocrx_word' id='word_1_227' title='bbox 733 3322 771 3365; x_wconf 90' lang='lat' dir='ltr'>eo</span> <span class='ocrx_word' id='word_1_228' title='bbox 789 3302 900 3365; x_wconf 91' lang='lat' dir='ltr'>nuntio</span> <span class='ocrx_word' id='word_1_229' title='bbox 906 3327 915 3379; x_wconf 92' lang='lat'>;</span> <span class='ocrx_word' id='word_1_230' title='bbox 934 3314 966 3367; x_wconf 89' lang='lat' dir='ltr'>et</span> <span class='ocrx_word' id='word_1_231' title='bbox 984 3303 1113 3367; x_wconf 93' lang='lat' dir='ltr'>consilio</span> <span class='ocrx_word' id='word_1_232' title='bbox 1129 3303 1282 3366; x_wconf 89' lang='lat' dir='ltr'>advocato</span> <span class='ocrx_word' id='word_1_233' title='bbox 1303 3299 1371 3386; x_wconf 91' lang='lat' dir='ltr'>[lit-</span> 
     </span>
     <span class='ocr_line' id='line_1_31' title="bbox 343 3390 1372 3478; baseline 0.001 -22"><span class='ocrx_word' id='word_1_234' title='bbox 343 3390 441 3475; x_wconf 86' lang='lat' dir='ltr'>teras]</span> <span class='ocrx_word' id='word_1_235' title='bbox 456 3394 610 3476; x_wconf 88' lang='lat' dir='ltr'>praetoris</span> <span class='ocrx_word' id='word_1_236' title='bbox 625 3416 699 3459; x_wconf 93' lang='lat' dir='ltr'>cum</span> <span class='ocrx_word' id='word_1_237' title='bbox 711 3395 885 3474; x_wconf 89' lang='lat' dir='ltr'>recitasset,</span> <span class='ocrx_word' id='word_1_238' title='bbox 901 3394 943 3478; x_wconf 84' lang='lat' dir='ltr'>Q.</span> <span class='ocrx_word' id='word_1_239' title='bbox 954 3397 1084 3462; x_wconf 87' lang='lat' dir='ltr'>Aelium</span> <span class='ocrx_word' id='word_1_240' title='bbox 1094 3395 1297 3459; x_wconf 86' lang='lat' dir='ltr'>Tuberonem</span> <span class='ocrx_word' id='word_1_241' title='bbox 1312 3395 1372 3457; x_wconf 91' lang='lat' dir='ltr'>ob-</span> 
     </span>
     <span class='ocr_line' id='line_1_32' title="bbox 344 3485 1369 3575; baseline 0.001 -25"><span class='ocrx_word' id='word_1_242' title='bbox 344 3485 430 3550; x_wconf 86' lang='lat' dir='ltr'>viam</span> <span class='ocrx_word' id='word_1_243' title='bbox 451 3487 521 3572; x_wconf 85' lang='lat' dir='ltr'>regi</span> <span class='ocrx_word' id='word_1_244' title='bbox 542 3488 642 3566; x_wconf 92' lang='lat' dir='ltr'>misit,</span> <span class='ocrx_word' id='word_1_245' title='bbox 669 3499 791 3553; x_wconf 91' lang='lat' dir='ltr'>ceteros</span> <span class='ocrx_word' id='word_1_246' title='bbox 814 3513 944 3556; x_wconf 87' lang='lat' dir='ltr'>manere</span> <span class='ocrx_word' id='word_1_247' title='bbox 961 3492 995 3555; x_wconf 93' lang='lat' dir='ltr'>in</span> <span class='ocrx_word' id='word_1_248' title='bbox 1012 3490 1170 3575; x_wconf 88' lang='lat' dir='ltr'>praetorio</span> <span class='ocrx_word' id='word_1_249' title='bbox 1193 3489 1369 3571; x_wconf 87' lang='lat' dir='ltr'>frequentis</span> 
     </span>
    </p>

    <p class='ocr_par' dir='ltr' id='par_1_12' title="bbox 311 3578 1374 3947">
     <span class='ocr_line' id='line_1_33' title="bbox 311 3578 1371 3670; baseline 0 -26"><span class='ocrx_word' id='word_1_250' title='bbox 311 3578 445 3645; x_wconf 83' lang='lat' dir='ltr'>aiussit.</span> <span class='ocrx_word' id='word_1_251' title='bbox 480 3603 545 3646; x_wconf 91' lang='lat' dir='ltr'>non</span> <span class='ocrx_word' id='word_1_252' title='bbox 568 3582 645 3647; x_wconf 88' lang='lat' dir='ltr'>alias</span> <span class='ocrx_word' id='word_1_253' title='bbox 668 3583 709 3648; x_wconf 95' lang='lat' dir='ltr'>ad</span> <span class='ocrx_word' id='word_1_254' title='bbox 730 3584 831 3648; x_wconf 93' lang='lat' dir='ltr'>ullum</span> <span class='ocrx_word' id='word_1_255' title='bbox 854 3587 1071 3670; x_wconf 89' lang='lat' dir='ltr'>spectaculum</span> <span class='ocrx_word' id='word_1_256' title='bbox 1093 3595 1181 3649; x_wconf 87' lang='lat' dir='ltr'>tanta</span> <span class='ocrx_word' id='word_1_257' title='bbox 1198 3583 1371 3646; x_wconf 92' lang='lat' dir='ltr'>multitudo</span> 
     </span>
     <span class='ocr_line' id='line_1_34' title="bbox 344 3674 1374 3763; baseline 0.001 -25"><span class='ocrx_word' id='word_1_258' title='bbox 344 3674 490 3738; x_wconf 90' lang='lat' dir='ltr'>occurrit.</span> <span class='ocrx_word' id='word_1_259' title='bbox 517 3686 643 3759; x_wconf 92' lang='lat' dir='ltr'>patrum</span> <span class='ocrx_word' id='word_1_260' title='bbox 661 3688 764 3743; x_wconf 88' lang='lat' dir='ltr'>aetate</span> <span class='ocrx_word' id='word_1_261' title='bbox 779 3674 914 3763; x_wconf 86' lang='lat' dir='ltr'>Syphax</span> <span class='ocrx_word' id='word_1_262' title='bbox 931 3702 988 3745; x_wconf 89' lang='lat' dir='ltr'>rex</span> <span class='ocrx_word' id='word_1_263' title='bbox 1006 3689 1118 3763; x_wconf 88' lang='lat' dir='ltr'>captus</span> <span class='ocrx_word' id='word_1_264' title='bbox 1135 3678 1168 3741; x_wconf 92' lang='lat' dir='ltr'>in</span> <span class='ocrx_word' id='word_1_265' title='bbox 1186 3688 1290 3741; x_wconf 85' lang='lat' dir='ltr'>castra</span> <span class='ocrx_word' id='word_1_266' title='bbox 1304 3676 1374 3741; x_wconf 87' lang='lat' dir='ltr'>Ro·</span> 
     </span>
     <span class='ocr_line' id='line_1_35' title="bbox 343 3767 1372 3855; baseline 0.001 -24"><span class='ocrx_word' id='word_1_267' title='bbox 343 3790 441 3833; x_wconf 90' lang='lat' dir='ltr'>mana</span> <span class='ocrx_word' id='word_1_268' title='bbox 458 3767 614 3833; x_wconf 88' lang='lat' dir='ltr'>adductus</span> <span class='ocrx_word' id='word_1_269' title='bbox 632 3782 709 3846; x_wconf 89' lang='lat' dir='ltr'>erat,</span> <span class='ocrx_word' id='word_1_270' title='bbox 727 3783 948 3855; x_wconf 89' lang='lat' dir='ltr'>praeterquam</span> <span class='ocrx_word' id='word_1_271' title='bbox 966 3771 1052 3854; x_wconf 92' lang='lat' dir='ltr'>quod</span> <span class='ocrx_word' id='word_1_272' title='bbox 1069 3793 1129 3836; x_wconf 91' lang='lat' dir='ltr'>nec</span> <span class='ocrx_word' id='word_1_273' title='bbox 1143 3793 1201 3834; x_wconf 89' lang='lat' dir='ltr'>sua</span> <span class='ocrx_word' id='word_1_274' title='bbox 1218 3791 1278 3834; x_wconf 87' lang='lat' dir='ltr'>nec</span> <span class='ocrx_word' id='word_1_275' title='bbox 1291 3792 1372 3855; x_wconf 86' lang='lat' dir='ltr'>gen·</span> 
     </span>
     <span class='ocr_line' id='line_1_36' title="bbox 345 3859 1372 3947; baseline 0.002 -23"><span class='ocrx_word' id='word_1_276' title='bbox 345 3859 386 3925; x_wconf 89' lang='lat' dir='ltr'>tis</span> <span class='ocrx_word' id='word_1_277' title='bbox 407 3861 495 3926; x_wconf 86' lang='lat' dir='ltr'>fama</span> <span class='ocrx_word' id='word_1_278' title='bbox 512 3865 758 3947; x_wconf 88' lang='lat' dir='ltr'>comparandus,</span> <span class='ocrx_word' id='word_1_279' title='bbox 776 3876 854 3929; x_wconf 91' lang='lat' dir='ltr'>tunc</span> <span class='ocrx_word' id='word_1_280' title='bbox 872 3865 1010 3930; x_wconf 88' lang='lat' dir='ltr'>accessio</span> <span class='ocrx_word' id='word_1_281' title='bbox 1027 3863 1143 3929; x_wconf 91' lang='lat' dir='ltr'>Punici</span> <span class='ocrx_word' id='word_1_282' title='bbox 1161 3865 1237 3930; x_wconf 90' lang='lat' dir='ltr'>belli</span> <span class='ocrx_word' id='word_1_283' title='bbox 1255 3864 1372 3940; x_wconf 83' lang='lat' dir='ltr'>fuerat,</span> 
     </span>
    </p>

    <p class='ocr_par' dir='ltr' id='par_1_13' title="bbox 313 3951 1372 4138">
     <span class='ocr_line' id='line_1_37' title="bbox 313 3951 1371 4041; baseline 0.009 -29"><span class='ocrx_word' id='word_1_284' title='bbox 313 3951 429 4017; x_wconf 83' lang='lat' dir='ltr'>asicut</span> <span class='ocrx_word' id='word_1_285' title='bbox 446 3951 584 4020; x_wconf 89' lang='lat' dir='ltr'>Gentius</span> <span class='ocrx_word' id='word_1_286' title='bbox 602 3956 819 4035; x_wconf 85' lang='lat' dir='ltr'>Macedonici3</span> <span class='ocrx_word' id='word_1_287' title='bbox 841 3958 979 4024; x_wconf 90' lang='lat' dir='ltr'>Perseus</span> <span class='ocrx_word' id='word_1_288' title='bbox 999 3969 1095 4041; x_wconf 90' lang='lat' dir='ltr'>caput</span> <span class='ocrx_word' id='word_1_289' title='bbox 1112 3958 1186 4023; x_wconf 90' lang='lat' dir='ltr'>belli</span> <span class='ocrx_word' id='word_1_290' title='bbox 1205 3967 1286 4035; x_wconf 89' lang='lat' dir='ltr'>erat,</span> <span class='ocrx_word' id='word_1_291' title='bbox 1310 3979 1371 4021; x_wconf 91' lang='lat' dir='ltr'>nec</span> 
     </span>
     <span class='ocr_line' id='line_1_38' title="bbox 344 4042 1372 4138; baseline 0.008 -31"><span class='ocrx_word' id='word_1_292' title='bbox 344 4042 446 4129; x_wconf 89' lang='lat' dir='ltr'>ipsius</span> <span class='ocrx_word' id='word_1_293' title='bbox 464 4058 588 4113; x_wconf 89' lang='lat' dir='ltr'>tantum</span> <span class='ocrx_word' id='word_1_294' title='bbox 604 4050 702 4135; x_wconf 89' lang='lat' dir='ltr'>patris</span> <span class='ocrx_word' id='word_1_295' title='bbox 720 4052 836 4134; x_wconf 83' lang='lat' dir='ltr'>avique</span> <span class='ocrx_word' id='word_1_296' title='bbox 854 4050 878 4138; x_wconf 86' lang='lat'>[.</span> <span class='ocrx_word' id='word_1_297' title='bbox 890 4099 898 4115; x_wconf 88' lang='lat'><strong>.</strong></span> <span class='ocrx_word' id='word_1_298' title='bbox 909 4098 917 4115; x_wconf 89' lang='lat'><strong>.</strong></span> <span class='ocrx_word' id='word_1_299' title='bbox 928 4048 968 4133; x_wconf 93' lang='lat'>.],</span> <span class='ocrx_word' id='word_1_300' title='bbox 987 4070 1067 4135; x_wconf 86' lang='lat' dir='ltr'>quos</span> <span class='ocrx_word' id='word_1_301' title='bbox 1085 4053 1240 4136; x_wconf 85' lang='lat' dir='ltr'>sanguine</span> <span class='ocrx_word' id='word_1_302' title='bbox 1260 4074 1297 4118; x_wconf 88' lang='lat' dir='ltr'>ao</span> <span class='ocrx_word' id='word_1_303' title='bbox 1314 4073 1372 4135; x_wconf 86' lang='lat' dir='ltr'>ge-</span> 
     </span>
    </p>
   </div>
   <div class='ocr_carea' id='block_1_3' title="bbox 345 4141 1371 4325">
    <p class='ocr_par' dir='ltr' id='par_1_14' title="bbox 345 4141 1371 4325">
     <span class='ocr_line' id='line_1_39' title="bbox 345 4141 1371 4230; baseline 0.005 -28"><span class='ocrx_word' id='word_1_304' title='bbox 345 4158 422 4202; x_wconf 88' lang='lat' dir='ltr'>nere</span> <span class='ocrx_word' id='word_1_305' title='bbox 446 4141 663 4226; x_wconf 85' lang='lat' dir='ltr'>contingebat,</span> <span class='ocrx_word' id='word_1_306' title='bbox 685 4144 771 4209; x_wconf 84' lang='lat' dir='ltr'>sarna</span> <span class='ocrx_word' id='word_1_307' title='bbox 794 4154 999 4230; x_wconf 89' lang='lat' dir='ltr'>conspectum</span> <span class='ocrx_word' id='word_1_308' title='bbox 1016 4167 1090 4209; x_wconf 93' lang='lat' dir='ltr'>eum</span> <span class='ocrx_word' id='word_1_309' title='bbox 1112 4145 1286 4221; x_wconf 81' lang='lat' dir='ltr'>efficiebat,</span> <span class='ocrx_word' id='word_1_310' title='bbox 1313 4142 1371 4208; x_wconf 91' lang='lat' dir='ltr'>sed</span> 
     </span>
     <span class='ocr_line' id='line_1_40' title="bbox 347 4229 1371 4325; baseline 0.004 -28"><span class='ocrx_word' id='word_1_311' title='bbox 347 4229 544 4317; x_wconf 86' lang='lat' dir='ltr'>effulgebant</span> <span class='ocrx_word' id='word_1_312' title='bbox 551 4235 720 4323; x_wconf 92' lang='lat' dir='ltr'>Philippus</span> <span class='ocrx_word' id='word_1_313' title='bbox 735 4261 772 4305; x_wconf 90' lang='lat' dir='ltr'>ac</span> <span class='ocrx_word' id='word_1_314' title='bbox 786 4260 921 4325; x_wconf 86' lang='lat' dir='ltr'>magnus</span> <span class='ocrx_word' id='word_1_315' title='bbox 930 4237 1124 4318; x_wconf 83' lang='lat' dir='ltr'>Alexander,</span> <span class='ocrx_word' id='word_1_316' title='bbox 1140 4239 1195 4324; x_wconf 90' lang='lat' dir='ltr'>qui</span> <span class='ocrx_word' id='word_1_317' title='bbox 1209 4260 1371 4304; x_wconf 89' lang='lat' dir='ltr'>summum</span> 
     </span>
    </p>
   </div>
   <div class='ocr_carea' id='block_1_4' title="bbox 0 0 1699 4975">
    <p class='ocr_par' dir='ltr' id='par_1_15' title="bbox 0 0 1699 4975">
     <span class='ocr_line' id='line_1_41' title="bbox 0 0 1699 4975; baseline 0 0"><span class='ocrx_word' id='word_1_318' title='bbox 0 0 1699 4975; x_wconf 95' lang='lat' dir='ltr'> </span> 
     </span>
    </p>
   </div>
  </div>
 </body>
</html>
