3384 4975
335 508 406 575 176
488 466 490 474 Ι
548 518 666 575 amsa
683 515 835 585 xxxxv,
854 514 896 569 ac.
911 513 953 569 ar.
974 513 1157 583 [saecat]

343 677 542 752 Taulantios,
560 674 821 740 Dassaretiorum
837 671 994 749 Pirustas,
1012 671 1210 748 Rhizonitas,
1230 668 1380 738 Olcinia-

343 784 408 850 tas,
443 771 531 855 quod
561 768 714 834 incolumi
745 766 864 834 Gentio
901 767 943 831 ad
973 767 1135 832 Romanos
1172 766 1378 834 defecissent.

290 875 327 923 14
342 865 496 932 Daorseis
515 884 643 948 quoque
666 862 900 927 immunitatem
918 862 1009 938 dare,
1032 861 1119 946 quod
1143 861 1254 927 relicto
1273 859 1378 928 Oara-

342 959 450 1026 vantio
468 981 542 1024 cum
558 958 655 1022 armis
673 957 715 1022 ad
732 957 894 1023 Romanos
913 955 1108 1021 transissent.
1138 954 1377 1022 Scodrensibus

343 1064 375 1121 et
388 1052 642 1118 Dassarensibus
661 1061 693 1116 et
707 1049 900 1136 Selepitanis
919 1050 1095 1140 ceterisque
1110 1045 1217 1134 Illyris
1235 1051 1377 1138 vectigal

291 1163 324 1210 15
345 1146 512 1213 dimidium
527 1143 729 1233 [inpositum]
746 1144 825 1221 eius,
844 1144 931 1227 quod
948 1144 1017 1229 regi
1034 1145 1271 1229 pependissent.
1298 1143 1376 1210 inde

342 1243 376 1308 iu
400 1252 463 1307 tres
486 1250 593 1326 partes
615 1239 781 1325 illyricum
807 1238 925 1304 divisit.
974 1261 1072 1303 unam
1094 1261 1166 1303 eam
1191 1238 1268 1303 fecit
1289 1258 1378 1321 quae

343 1358 441 1420 supra
459 1335 545 1400 dicta
563 1344 625 1410 est,
650 1333 783 1397 alteram
800 1331 963 1396 Labeatas
982 1331 1099 1409 omnis,
1122 1332 1248 1396 tertiam
1265 1331 1375 1416 Agra-

343 1430 468 1495 vonitas
496 1439 528 1494 et
553 1427 741 1493 Rhizonitas
768 1438 800 1493 et
826 1424 1005 1493 Olciniatas
1037 1428 1225 1509 accolasque
1252 1447 1374 1492 eorum.

343 1525 404 1590 hac
430 1524 569 1589 formula
600 1523 685 1590 dicta
710 1522 854 1609 Illyrico,
887 1523 955 1607 ipse
981 1521 1074 1606 Epiri
1099 1521 1315 1586 Passaronem
1341 1522 1373 1587 in

344 1618 478 1684 hiberna
495 1618 598 1683 rediit.
1111 1659 1116 1667 ι

309 1728 323 1773 1
408 1712 561 1778 XXVII.
588 1712 679 1775 Dum
696 1710 776 1776 baec
793 1709 965 1794 inlllyrico
979 1721 1144 1795 geruntur,
1162 1709 1285 1774 Paulus
1300 1720 1373 1774 ante

344 1806 516 1870 adventum
534 1806 645 1870 decem
661 1805 841 1890 legatorum
860 1803 901 1885 Q.
921 1804 1102 1869 Maximum
1119 1805 1231 1880 filium,
1249 1805 1313 1868 iam
1332 1804 1373 1867 ab

343 1901 448 1964 Roma
471 1921 666 1984 regressum,
694 1899 736 1963 ad
758 1899 934 1985 Aeginium
958 1909 988 1964 et
1007 1900 1151 1985 Agassas
1179 1897 1372 1983 diripiendas

306 2011 323 2057 2
343 1994 453 2060 mittit:
479 1994 642 2079 Agassas,
669 1994 756 2077 quod
779 2017 853 2059 cum
875 1994 1000 2059 Marcio
1024 1994 1147 2059 consuli
1169 1993 1373 2058 tradidissent

344 2089 457 2155 urbem
478 2089 578 2173 petita
600 2089 683 2153 ultro
706 2087 1036 2165 societateRomana,
1063 2087 1246 2153 defecerant
1263 2109 1372 2152 rursus
1400 2089 1404 2096 '

310 2199 328 2246 a
345 2185 385 2249 ad
403 2183 537 2260 Persea3
560 2183 806 2268 Aeginiensium
827 2205 947 2248 novum
966 2184 1085 2248 crimen
1103 2194 1185 2248 erat:
1208 2183 1314 2247 famae
1333 2183 1375 2246 de

344 2281 477 2345 victoria
503 2279 722 2343 Romanorum
747 2278 845 2343 fidem
870 2300 935 2341 non
960 2277 1130 2356 habentes,
1156 2278 1190 2341 in
1215 2276 1374 2359 quosdam

304 2389 323 2435 4
345 2375 482 2438 militum
504 2372 617 2436 urbem
638 2372 799 2456 ingressos
827 2371 983 2437 hostiliter
1009 2373 1196 2438 saevierant.
1240 2369 1282 2433 ad
1303 2369 1373 2435 Ae-

344 2467 469 2533 niorum
488 2488 615 2550 quoque
638 2467 751 2531 urbem
768 2466 979 2551 diripiendam
996 2465 1037 2531 L.
1056 2464 1258 2532 Postumium
1275 2463 1373 2541 misit,

344 2562 432 2647 quod
445 2560 637 2648 pertinacius
647 2582 745 2643 quam
754 2561 918 2626 finitumae
929 2562 1071 2626 civitates
1081 2562 1115 2625 in
1125 2561 1220 2626 annis
1234 2552 1371 2625 fuerant.

311 2673 328 2719 5
346 2656 490 2721 autumni
512 2654 579 2720 fere
602 2664 728 2741 tempus
751 2665 833 2731 erat,
858 2655 948 2719 cuius
970 2656 1120 2740 temporis
1142 2654 1230 2720 initio
1249 2654 1291 2717 ad
1312 2653 1372 2717 cir-

345 2752 558 2817 cumeundam
573 2748 744 2816 Graeciam
761 2749 957 2833 visendaque
972 2748 1086 2835 [quae]
1101 2749 1269 2814 nobilitata
1286 2748 1372 2811 fama

344 2847 465 2911 maiora
487 2844 617 2910 auribus
641 2855 772 2929 accepta
795 2856 869 2909 sunt
891 2866 989 2927 quam
1007 2844 1106 2909 oculis
1129 2853 1303 2908 noscuntur
1324 2840 1369 2905 ut'

308 2940 464 3003 ostatuit.
513 2938 694 3023 praeposito
723 2939 832 3002 castris
857 2936 895 3002 C.
920 2936 1062 3022 Sulpicio
1088 2936 1183 3003 Gallo
1209 2936 1372 3022 profectus

301 3084 303 3090 .
346 3056 420 3098 cum
445 3031 524 3095 haut
549 3054 667 3116 magno
696 3033 863 3109 comitatu,
891 3033 1071 3117 tegentibus
1098 3033 1198 3097 latera
1222 3031 1372 3116 Scipione

345 3127 409 3191 filio
434 3136 465 3191 et
483 3125 652 3189 Athenaeo
676 3126 831 3191 Eumenis
858 3127 942 3211 regis
969 3127 1066 3192 fratre
1093 3148 1151 3212 per
1172 3125 1373 3190 Thessaliam

306 3238 325 3286 7
345 3219 490 3304 Delphos
508 3220 601 3304 petit,
619 3219 774 3305 inclytum
792 3222 971 3297 oraculum3
990 3221 1047 3285 ubi
1064 3221 1217 3286 sacrificio
1226 3218 1373 3304 Apollini

345 3314 431 3379 facto
449 3313 612 3378 inchoatas
634 3314 667 3378 in
685 3317 843 3381 vestibulo
862 3316 1042 3393 columnas,
1066 3317 1181 3399 quibus
1205 3312 1374 3398 inposituri

346 3420 466 3474 statuas
483 3408 568 3494 regis
582 3409 693 3475 Persei
710 3411 845 3488 fuerant,
865 3410 930 3475 suis
949 3411 1060 3475 statuis
1075 3410 1176 3475 victor
1193 3407 1372 3473 destinavit.

310 3520 327 3567 s
347 3504 511 3569 Lebadiae
529 3524 657 3587 quoque
675 3507 829 3590 templum
842 3504 929 3569 Iovis
944 3504 1120 3590 Trophonii
1138 3504 1217 3580 adit3
1234 3500 1281 3566 ibi
1298 3523 1374 3565 cum

347 3600 479 3664 vidisset
496 3621 532 3663 os
550 3621 680 3684 specus,
704 3619 761 3684 per
784 3600 871 3683 quod
889 3601 1016 3665 oraculo
1035 3611 1160 3665 utentes
1179 3596 1374 3663 sciscitatum

346 3694 423 3758 deos
438 3693 644 3770 descendunt,
663 3694 817 3758 sacrificio
827 3694 900 3759 bovi
908 3695 1165 3777 Hercynnaeque
1178 3692 1274 3767 facto,
1294 3710 1374 3773 quo-

346 3810 417 3850 rum
434 3786 479 3850 ibi
503 3788 656 3871 templum
675 3798 737 3864 est,
757 3784 945 3852 Chalcidem
962 3787 1004 3850 ad
1022 3788 1239 3871 spectaculum
1257 3781 1375 3867 Euripi

345 3877 563 3963 Euboeaeque
595 3891 702 3946 tantae
732 3879 871 3958 insulae,
902 3889 999 3964 ponte
1031 3881 1205 3945 continenti
1235 3879 1373 3952 iunctae,

310 3971 521 4038 adescendit..
569 3998 589 4041 a
616 3972 770 4039 Chalcide
796 3973 951 4038 Aulidem
976 3972 1094 4051 traicit,
1126 3975 1222 4039 trium
1248 3973 1374 4036 milium

347 4065 450 4149 spatio
483 4068 668 4146 distantem,
703 4079 830 4153 portum
861 4066 1015 4149 inclytum
1048 4069 1183 4133 statione
1209 4066 1375 4150 quondam

346 4157 433 4222 mille
459 4160 590 4225 navium
617 4159 893 4247 Agamemnoniae
920 4159 1043 4236 classis,
1070 4161 1262 4243 Dianaeque
1293 4171 1374 4225 tem-

281 4300 283 4309 .
345 4253 451 4338 plum,
477 4252 534 4315 ubi
554 4256 689 4325 navibus
712 4276 840 4320 cursum
863 4252 905 4319 ad
922 4252 1052 4320 Troiam
1073 4254 1139 4319 filia
1162 4255 1292 4318 victima
1310 4251 1373 4317 aris
