<?xml version="1.0" encoding="UTF-8"?>
<!DOCTYPE html PUBLIC "-//W3C//DTD XHTML 1.0 Transitional//EN"
    "http://www.w3.org/TR/xhtml1/DTD/xhtml1-transitional.dtd">
<html xmlns="http://www.w3.org/1999/xhtml" xml:lang="en" lang="en">
 <head>
  <title>
</title>
<meta http-equiv="Content-Type" content="text/html;charset=utf-8" />
  <meta name='ocr-system' content='tesseract 3.04.00' />
  <meta name='ocr-capabilities' content='ocr_page ocr_carea ocr_par ocr_line ocrx_word'/>
</head>
<body>
  <div class='ocr_page' id='page_1' title='image "./titiliviaburbec04livygoog_0227.png"; bbox 0 0 3384 4975; ppageno 0'>
   <div class='ocr_carea' id='block_1_1' title="bbox 420 443 1343 550">
    <p class='ocr_par' dir='ltr' id='par_1_1' title="bbox 420 443 1343 550">
     <span class='ocr_line' id='line_1_1' title="bbox 420 443 1343 550; baseline -0.008 -1"><span class='ocrx_word' id='word_1_1' title='bbox 420 492 647 550; x_wconf 79' lang='lat' dir='ltr'>rasrocusa</span> <span class='ocrx_word' id='word_1_2' title='bbox 659 490 863 548; x_wconf 76' lang='lat' dir='ltr'>sinuosum</span> <span class='ocrx_word' id='word_1_3' title='bbox 881 490 1201 550; x_wconf 78' lang='lat' dir='ltr'>nxxur-uxxvir.</span> <span class='ocrx_word' id='word_1_4' title='bbox 1259 443 1343 543; x_wconf 27' lang='lat'>209*</span> 
     </span>
    </p>
   </div>
   <div class='ocr_carea' id='block_1_2' title="bbox 295 627 1325 1316">
    <p class='ocr_par' dir='ltr' id='par_1_2' title="bbox 295 627 1325 1084">
     <span class='ocr_line' id='line_1_2' title="bbox 295 627 1323 704; baseline -0.007 -14"><span class='ocrx_word' id='word_1_5' title='bbox 295 633 401 690; x_wconf 82' lang='lat' dir='ltr'>Caesar</span> <span class='ocrx_word' id='word_1_6' title='bbox 415 631 512 686; x_wconf 88' lang='lat' dir='ltr'>consul</span> <span class='ocrx_word' id='word_1_7' title='bbox 523 629 645 686; x_wconf 82' lang='lat' dir='ltr'><strong>feliciter</strong></span> <span class='ocrx_word' id='word_1_8' title='bbox 658 629 790 684; x_wconf 86' lang='lat' dir='ltr'>adversus</span> <span class='ocrx_word' id='word_1_9' title='bbox 800 627 940 684; x_wconf 80' lang='lat' dir='ltr'>Samnites</span> <span class='ocrx_word' id='word_1_10' title='bbox 948 628 1093 704; x_wconf 80' lang='lat' dir='ltr'>pugnavit.</span> <span class='ocrx_word' id='word_1_11' title='bbox 1120 629 1229 684; x_wconf 90' lang='lat' dir='ltr'>obeam</span> <span class='ocrx_word' id='word_1_12' title='bbox 1237 627 1323 684; x_wconf 84' lang='lat' dir='ltr'>ricto-</span> 
     </span>
     <span class='ocr_line' id='line_1_3' title="bbox 295 697 1324 819; baseline -0.006 -63"><span class='ocrx_word' id='word_1_13' title='bbox 295 703 367 756; x_wconf 89' lang='lat' dir='ltr'>riam</span> <span class='ocrx_word' id='word_1_14' title='bbox 374 697 746 819; x_wconf 48' lang='lat' dir='ltr'>Romaesagffipositasunt</span> <span class='ocrx_word' id='word_1_15' title='bbox 765 702 794 752; x_wconf 89' lang='lat' dir='ltr'>et</span> <span class='ocrx_word' id='word_1_16' title='bbox 803 702 835 751; x_wconf 90' lang='lat' dir='ltr'>ut</span> <span class='ocrx_word' id='word_1_17' title='bbox 842 697 922 752; x_wconf 83' lang='lat' dir='ltr'>varia</span> <span class='ocrx_word' id='word_1_18' title='bbox 930 697 999 752; x_wconf 88' lang='lat' dir='ltr'>belli</span> <span class='ocrx_word' id='word_1_19' title='bbox 1007 697 1121 777; x_wconf 74' lang='lat' dir='ltr'>fortuna</span> <span class='ocrx_word' id='word_1_20' title='bbox 1130 703 1211 778; x_wconf 77' lang='lat' dir='ltr'>esset,</span> <span class='ocrx_word' id='word_1_21' title='bbox 1221 697 1324 752; x_wconf 90' lang='lat' dir='ltr'>Aeser-</span> 
     </span>
     <span class='ocr_line' id='line_1_4' title="bbox 295 764 1325 835; baseline -0.003 -12"><span class='ocrx_word' id='word_1_22' title='bbox 295 770 345 823; x_wconf 88' lang='lat' dir='ltr'>nia</span> <span class='ocrx_word' id='word_1_23' title='bbox 354 769 464 824; x_wconf 91' lang='lat' dir='ltr'>colonia</span> <span class='ocrx_word' id='word_1_24' title='bbox 473 785 536 825; x_wconf 92' lang='lat' dir='ltr'>cum</span> <span class='ocrx_word' id='word_1_25' title='bbox 577 765 727 821; x_wconf 88' lang='lat' dir='ltr'>Marcello</span> <span class='ocrx_word' id='word_1_26' title='bbox 736 783 766 818; x_wconf 88' lang='lat' dir='ltr'>m</span> <span class='ocrx_word' id='word_1_27' title='bbox 775 764 1117 835; x_wconf 15' lang='lat' dir='ltr'>potestatemnSammtrum</span> <span class='ocrx_word' id='word_1_28' title='bbox 1128 771 1213 820; x_wconf 87' lang='lat' dir='ltr'>vemt.</span> <span class='ocrx_word' id='word_1_29' title='bbox 1236 766 1325 821; x_wconf 89' lang='lat' dir='ltr'>sedet</span> 
     </span>
     <span class='ocr_line' id='line_1_5' title="bbox 295 833 1324 957; baseline -0.004 -64"><span class='ocrx_word' id='word_1_30' title='bbox 295 838 328 894; x_wconf 78' lang='lat' dir='ltr'><strong>C.</strong></span> <span class='ocrx_word' id='word_1_31' title='bbox 337 837 443 892; x_wconf 86' lang='lat' dir='ltr'>Marius</span> <span class='ocrx_word' id='word_1_32' title='bbox 456 836 563 906; x_wconf 90' lang='lat' dir='ltr'>proelio</span> <span class='ocrx_word' id='word_1_33' title='bbox 576 834 685 888; x_wconf 89' lang='lat' dir='ltr'>Marsos</span> <span class='ocrx_word' id='word_1_34' title='bbox 698 833 785 902; x_wconf 85' lang='lat' dir='ltr'>fudit,</span> <span class='ocrx_word' id='word_1_35' title='bbox 799 833 886 888; x_wconf 86' lang='lat' dir='ltr'>Herio</span> <span class='ocrx_word' id='word_1_36' title='bbox 895 833 995 888; x_wconf 84' lang='lat' dir='ltr'>Asinio</span> <span class='ocrx_word' id='word_1_37' title='bbox 1006 838 1139 957; x_wconf 55' lang='lat' dir='ltr'>praetore</span> <span class='ocrx_word' id='word_1_38' title='bbox 1152 833 1324 889; x_wconf 89' lang='lat' dir='ltr'>Marrucino·</span> 
     </span>
     <span class='ocr_line' id='line_1_6' title="bbox 295 901 1324 975; baseline -0.003 -16"><span class='ocrx_word' id='word_1_39' title='bbox 295 923 358 960; x_wconf 85' lang='lat' dir='ltr'>rum</span> <span class='ocrx_word' id='word_1_40' title='bbox 367 906 468 961; x_wconf 88' lang='lat' dir='ltr'>occiso.</span> <span class='ocrx_word' id='word_1_41' title='bbox 487 904 518 960; x_wconf 83' lang='grc' dir='ltr'>Ο.</span> <span class='ocrx_word' id='word_1_42' title='bbox 529 901 812 960; x_wconf 77' lang='lat' dir='ltr'>CaeciliusinGallia</span> <span class='ocrx_word' id='word_1_43' title='bbox 820 901 996 975; x_wconf 85' lang='lat' dir='ltr'>transalpina</span> <span class='ocrx_word' id='word_1_44' title='bbox 1027 901 1144 957; x_wconf 84' lang='lat' dir='ltr'>alluvios</span> <span class='ocrx_word' id='word_1_45' title='bbox 1153 901 1324 959; x_wconf 88' lang='lat' dir='ltr'>rebellantes</span> 
     </span>
     <span class='ocr_line' id='line_1_7' title="bbox 298 974 375 1030; baseline -0.013 -1"><span class='ocrx_word' id='word_1_46' title='bbox 298 974 375 1030; x_wconf 82' lang='lat' dir='ltr'>vicit.</span> 
     </span>
     <span class='ocr_line' id='line_1_8' title="bbox 694 1041 926 1084; baseline -0.009 0"><span class='ocrx_word' id='word_1_47' title='bbox 694 1042 803 1084; x_wconf 76' lang='lat' dir='ltr'>axum.</span> <span class='ocrx_word' id='word_1_48' title='bbox 816 1041 926 1083; x_wconf 73' lang='lat' dir='ltr'>numm.</span> 
     </span>
    </p>

    <p class='ocr_par' dir='ltr' id='par_1_3' title="bbox 295 1106 1325 1316">
     <span class='ocr_line' id='line_1_9' title="bbox 349 1106 1325 1190; baseline -0.001 -25"><span class='ocrx_word' id='word_1_49' title='bbox 349 1108 556 1179; x_wconf 79' lang='lat' dir='ltr'>OmPompeius</span> <span class='ocrx_word' id='word_1_50' title='bbox 563 1106 694 1163; x_wconf 75' lang='lat' dir='ltr'>Picentes</span> <span class='ocrx_word' id='word_1_51' title='bbox 701 1107 808 1178; x_wconf 88' lang='lat' dir='ltr'>proelio</span> <span class='ocrx_word' id='word_1_52' title='bbox 817 1108 891 1162; x_wconf 89' lang='lat' dir='ltr'>fudit</span> <span class='ocrx_word' id='word_1_53' title='bbox 902 1112 922 1176; x_wconf 93' lang='lat'><strong>[.</strong></span> <span class='ocrx_word' id='word_1_54' title='bbox 933 1146 940 1162; x_wconf 91' lang='lat'><strong>.</strong></span> <span class='ocrx_word' id='word_1_55' title='bbox 951 1110 971 1177; x_wconf 93' lang='lat'><strong>.]</strong></span> <span class='ocrx_word' id='word_1_56' title='bbox 981 1107 1100 1164; x_wconf 85' lang='lat' dir='ltr'>obsedit.</span> <span class='ocrx_word' id='word_1_57' title='bbox 1117 1113 1325 1190; x_wconf 82' lang='lat' dir='ltr'>propterquam</span> 
     </span>
     <span class='ocr_line' id='line_1_10' title="bbox 296 1176 1325 1248; baseline 0.001 -17"><span class='ocrx_word' id='word_1_58' title='bbox 296 1177 441 1232; x_wconf 83' lang='lat' dir='ltr'>victoriam</span> <span class='ocrx_word' id='word_1_59' title='bbox 449 1177 556 1232; x_wconf 89' lang='lat' dir='ltr'>Romae</span> <span class='ocrx_word' id='word_1_60' title='bbox 568 1181 731 1246; x_wconf 78' lang='lat' dir='ltr'>praetextae</span> <span class='ocrx_word' id='word_1_61' title='bbox 746 1182 774 1243; x_wconf 84' lang='lat' dir='ltr'>et</span> <span class='ocrx_word' id='word_1_62' title='bbox 787 1177 845 1232; x_wconf 85' lang='lat' dir='ltr'>alia</span> <span class='ocrx_word' id='word_1_63' title='bbox 857 1177 1073 1248; x_wconf 77' lang='lat' dir='ltr'>magistratuum</span> <span class='ocrx_word' id='word_1_64' title='bbox 1082 1176 1135 1230; x_wconf 89' lang='lat' dir='ltr'>insr</span> <span class='ocrx_word' id='word_1_65' title='bbox 1176 1177 1204 1231; x_wconf 91' lang='lat' dir='ltr'>ia</span> <span class='ocrx_word' id='word_1_66' title='bbox 1213 1185 1325 1247; x_wconf 85' lang='lat' dir='ltr'>sumpta</span> 
     </span>
     <span class='ocr_line' id='line_1_11' title="bbox 295 1195 1325 1316; baseline 0 -18"><span class='ocrx_word' id='word_1_67' title='bbox 295 1251 371 1299; x_wconf 87' lang='lat' dir='ltr'>sunt.</span> <span class='ocrx_word' id='word_1_68' title='bbox 398 1245 429 1300; x_wconf 82' lang='lat' dir='ltr'><strong>C.</strong></span> <span class='ocrx_word' id='word_1_69' title='bbox 439 1244 545 1298; x_wconf 88' lang='lat' dir='ltr'>Marius</span> <span class='ocrx_word' id='word_1_70' title='bbox 559 1260 622 1299; x_wconf 92' lang='lat' dir='ltr'>cum</span> <span class='ocrx_word' id='word_1_71' title='bbox 630 1244 731 1298; x_wconf 78' lang='lat' dir='ltr'>Marsis</span> <span class='ocrx_word' id='word_1_72' title='bbox 745 1245 831 1300; x_wconf 88' lang='lat' dir='ltr'>dubio</span> <span class='ocrx_word' id='word_1_73' title='bbox 844 1251 946 1300; x_wconf 88' lang='lat' dir='ltr'>eventu</span> <span class='ocrx_word' id='word_1_74' title='bbox 954 1246 1100 1316; x_wconf 78' lang='lat' dir='ltr'>pugnavit.</span> <span class='ocrx_word' id='word_1_75' title='bbox 1126 1195 1249 1301; x_wconf 53' lang='lat' dir='ltr'>hisnertini</span> <span class='ocrx_word' id='word_1_76' title='bbox 1258 1250 1325 1299; x_wconf 88' lang='lat' dir='ltr'>tunc</span> 
     </span>
    </p>
   </div>
   <div class='ocr_carea' id='block_1_3' title="bbox 294 1312 1325 1506">
    <p class='ocr_par' dir='ltr' id='par_1_4' title="bbox 294 1312 1325 1506">
     <span class='ocr_line' id='line_1_12' title="bbox 296 1312 1325 1384; baseline -0.002 -17"><span class='ocrx_word' id='word_1_77' title='bbox 296 1314 416 1382; x_wconf 91' lang='lat' dir='ltr'>primum</span> <span class='ocrx_word' id='word_1_78' title='bbox 425 1313 545 1367; x_wconf 89' lang='lat' dir='ltr'>militare</span> <span class='ocrx_word' id='word_1_79' title='bbox 555 1319 715 1384; x_wconf 88' lang='lat' dir='ltr'>coeperunt.</span> <span class='ocrx_word' id='word_1_80' title='bbox 738 1313 774 1367; x_wconf 92' lang='lat' dir='ltr'>A.</span> <span class='ocrx_word' id='word_1_81' title='bbox 783 1312 893 1368; x_wconf 90' lang='lat' dir='ltr'>Plotius</span> <span class='ocrx_word' id='word_1_82' title='bbox 904 1314 929 1368; x_wconf 92' lang='lat' dir='ltr'>le</span> <span class='ocrx_word' id='word_1_83' title='bbox 952 1319 1014 1368; x_wconf 87' lang='lat' dir='ltr'>atus</span> <span class='ocrx_word' id='word_1_84' title='bbox 1023 1314 1153 1382; x_wconf 91' lang='lat' dir='ltr'>Umbros,</span> <span class='ocrx_word' id='word_1_85' title='bbox 1163 1313 1197 1367; x_wconf 94' lang='lat' dir='ltr'><strong>L.</strong></span> <span class='ocrx_word' id='word_1_86' title='bbox 1208 1313 1325 1368; x_wconf 89' lang='lat' dir='ltr'>Porcius</span> 
     </span>
     <span class='ocr_line' id='line_1_13' title="bbox 294 1332 1324 1506; baseline -0.002 -70"><span class='ocrx_word' id='word_1_87' title='bbox 294 1386 409 1506; x_wconf 53' lang='lat' dir='ltr'>finem</span> <span class='ocrx_word' id='word_1_88' title='bbox 417 1381 559 1449; x_wconf 82' lang='lat' dir='ltr'>Etruscos,</span> <span class='ocrx_word' id='word_1_89' title='bbox 570 1397 634 1435; x_wconf 93' lang='lat' dir='ltr'>cum</span> <span class='ocrx_word' id='word_1_90' title='bbox 642 1386 759 1453; x_wconf 88' lang='lat' dir='ltr'>uterque</span> <span class='ocrx_word' id='word_1_91' title='bbox 768 1382 889 1452; x_wconf 91' lang='lat' dir='ltr'>populus</span> <span class='ocrx_word' id='word_1_92' title='bbox 899 1332 1057 1452; x_wconf 56' lang='lat' dir='ltr'>deiecisset,</span> <span class='ocrx_word' id='word_1_93' title='bbox 1071 1382 1179 1452; x_wconf 90' lang='lat' dir='ltr'>proelio</span> <span class='ocrx_word' id='word_1_94' title='bbox 1188 1381 1324 1436; x_wconf 86' lang='lat' dir='ltr'>vicerunt.</span> 
     </span>
    </p>
   </div>
   <div class='ocr_carea' id='block_1_4' title="bbox 278 1449 1396 4319">
    <p class='ocr_par' dir='ltr' id='par_1_5' title="bbox 278 1449 1396 2799">
     <span class='ocr_line' id='line_1_14' title="bbox 324 1449 1325 1531; baseline -0.001 -28"><span class='ocrx_word' id='word_1_95' title='bbox 324 1450 463 1504; x_wconf 89' lang='lat' dir='ltr'>icomedes</span> <span class='ocrx_word' id='word_1_96' title='bbox 481 1449 510 1504; x_wconf 89' lang='lat' dir='ltr'>in</span> <span class='ocrx_word' id='word_1_97' title='bbox 528 1449 595 1503; x_wconf 92' lang='lat' dir='ltr'>Bith</span> <span class='ocrx_word' id='word_1_98' title='bbox 635 1450 693 1519; x_wconf 91' lang='lat' dir='ltr'>iae,</span> <span class='ocrx_word' id='word_1_99' title='bbox 715 1449 922 1505; x_wconf 81' lang='lat' dir='ltr'>Ariobarzanes</span> <span class='ocrx_word' id='word_1_100' title='bbox 944 1451 974 1505; x_wconf 94' lang='lat' dir='ltr'>in</span> <span class='ocrx_word' id='word_1_101' title='bbox 992 1450 1189 1531; x_wconf 74' lang='lat' dir='ltr'>Cappadociae</span> <span class='ocrx_word' id='word_1_102' title='bbox 1205 1466 1325 1521; x_wconf 84' lang='lat' dir='ltr'>regnum</span> 
     </span>
     <span class='ocr_line' id='line_1_15' title="bbox 295 1517 1324 1590; baseline 0.001 -19"><span class='ocrx_word' id='word_1_103' title='bbox 295 1518 404 1573; x_wconf 88' lang='lat' dir='ltr'>reducti</span> <span class='ocrx_word' id='word_1_104' title='bbox 421 1523 494 1572; x_wconf 82' lang='lat' dir='ltr'>sunt.</span> <span class='ocrx_word' id='word_1_105' title='bbox 522 1517 573 1572; x_wconf 81' lang='lat' dir='ltr'>Cn.</span> <span class='ocrx_word' id='word_1_106' title='bbox 614 1517 740 1590; x_wconf 90' lang='lat' dir='ltr'>ompeius</span> <span class='ocrx_word' id='word_1_107' title='bbox 757 1519 855 1573; x_wconf 91' lang='lat' dir='ltr'>consul</span> <span class='ocrx_word' id='word_1_108' title='bbox 867 1518 975 1573; x_wconf 91' lang='lat' dir='ltr'>Marsos</span> <span class='ocrx_word' id='word_1_109' title='bbox 993 1535 1054 1574; x_wconf 87' lang='lat' dir='ltr'>aere</span> <span class='ocrx_word' id='word_1_110' title='bbox 1071 1519 1146 1573; x_wconf 81' lang='lat' dir='ltr'>vicit.</span> <span class='ocrx_word' id='word_1_111' title='bbox 1177 1535 1242 1572; x_wconf 92' lang='lat' dir='ltr'>cum</span> <span class='ocrx_word' id='word_1_112' title='bbox 1260 1534 1324 1572; x_wconf 88' lang='lat' dir='ltr'>aero</span> 
     </span>
     <span class='ocr_line' id='line_1_16' title="bbox 297 1585 1325 1658; baseline 0 -18"><span class='ocrx_word' id='word_1_113' title='bbox 297 1585 390 1641; x_wconf 87' lang='lat' dir='ltr'>alieno</span> <span class='ocrx_word' id='word_1_114' title='bbox 398 1603 496 1655; x_wconf 88' lang='lat' dir='ltr'>pressa</span> <span class='ocrx_word' id='word_1_115' title='bbox 505 1590 579 1642; x_wconf 89' lang='lat' dir='ltr'>esset</span> <span class='ocrx_word' id='word_1_116' title='bbox 588 1585 695 1656; x_wconf 82' lang='lat' dir='ltr'>civitas,</span> <span class='ocrx_word' id='word_1_117' title='bbox 706 1586 741 1640; x_wconf 89' lang='lat' dir='ltr'>A.</span> <span class='ocrx_word' id='word_1_118' title='bbox 753 1586 817 1642; x_wconf 91' lang='lat' dir='ltr'>Sem</span> <span class='ocrx_word' id='word_1_119' title='bbox 837 1587 933 1643; x_wconf 89' lang='lat' dir='ltr'>ronius</span> <span class='ocrx_word' id='word_1_120' title='bbox 941 1587 1049 1642; x_wconf 90' lang='lat' dir='ltr'>Asellio</span> <span class='ocrx_word' id='word_1_121' title='bbox 1058 1592 1181 1658; x_wconf 87' lang='lat' dir='ltr'>praetor,</span> <span class='ocrx_word' id='word_1_122' title='bbox 1192 1585 1325 1657; x_wconf 88' lang='lat' dir='ltr'>quoniam</span> 
     </span>
     <span class='ocr_line' id='line_1_17' title="bbox 294 1605 1324 1727; baseline 0.001 -19"><span class='ocrx_word' id='word_1_123' title='bbox 294 1655 448 1709; x_wconf 89' lang='lat' dir='ltr'>seeundum</span> <span class='ocrx_word' id='word_1_124' title='bbox 457 1653 597 1709; x_wconf 87' lang='lat' dir='ltr'>debitores</span> <span class='ocrx_word' id='word_1_125' title='bbox 605 1654 648 1708; x_wconf 92' lang='lat' dir='ltr'>ius</span> <span class='ocrx_word' id='word_1_126' title='bbox 658 1655 783 1723; x_wconf 89' lang='lat' dir='ltr'>dicebat,</span> <span class='ocrx_word' id='word_1_127' title='bbox 798 1605 836 1710; x_wconf 60' lang='lat' dir='ltr'>ab</span> <span class='ocrx_word' id='word_1_128' title='bbox 852 1656 892 1710; x_wconf 91' lang='lat' dir='ltr'>eis</span> <span class='ocrx_word' id='word_1_129' title='bbox 906 1656 954 1727; x_wconf 92' lang='lat' dir='ltr'>qui</span> <span class='ocrx_word' id='word_1_130' title='bbox 966 1654 1153 1711; x_wconf 77' lang='lat' dir='ltr'>faenerabant</span> <span class='ocrx_word' id='word_1_131' title='bbox 1164 1654 1195 1708; x_wconf 92' lang='lat' dir='ltr'>in</span> <span class='ocrx_word' id='word_1_132' title='bbox 1208 1655 1269 1709; x_wconf 86' lang='lat' dir='ltr'>foro</span> <span class='ocrx_word' id='word_1_133' title='bbox 1278 1670 1324 1709; x_wconf 93' lang='lat' dir='ltr'>oc-</span> 
     </span>
     <span class='ocr_line' id='line_1_18' title="bbox 295 1722 1324 1795; baseline 0.002 -19"><span class='ocrx_word' id='word_1_134' title='bbox 295 1723 429 1777; x_wconf 89' lang='lat' dir='ltr'>cisusest.</span> <span class='ocrx_word' id='word_1_135' title='bbox 446 1723 920 1792; x_wconf 77' lang='lat' dir='ltr'>praetereaincursiones&#39;l&#39;bracum</span> <span class='ocrx_word' id='word_1_136' title='bbox 928 1722 1324 1795; x_wconf 85' lang='lat' dir='ltr'>inMacedoniampopulatio-</span> 
     </span>
     <span class='ocr_line' id='line_1_19' title="bbox 294 1791 1001 1904; baseline -0.003 -59"><span class='ocrx_word' id='word_1_137' title='bbox 294 1791 544 1862; x_wconf 87' lang='lat' dir='ltr'>nesquccontinet.</span> <span class='ocrx_word' id='word_1_138' title='bbox 704 1861 808 1903; x_wconf 64' lang='lat' dir='ltr'>mm</span> <span class='ocrx_word' id='word_1_139' title='bbox 829 1862 910 1904; x_wconf 67' lang='lat' dir='ltr'>mv</span> <span class='ocrx_word' id='word_1_140' title='bbox 999 1867 1001 1872; x_wconf 28' lang='grc' dir='ltr'>Ι</span> 
     </span>
     <span class='ocr_line' id='line_1_20' title="bbox 278 1926 1324 2007; baseline 0.002 -27"><span class='ocrx_word' id='word_1_141' title='bbox 278 1987 280 1991; x_wconf 86' lang='lat'><strong>.</strong></span> <span class='ocrx_word' id='word_1_142' title='bbox 346 1926 383 1980; x_wconf 90' lang='lat' dir='ltr'>A.</span> <span class='ocrx_word' id='word_1_143' title='bbox 399 1926 559 1980; x_wconf 85' lang='lat' dir='ltr'>Postumius</span> <span class='ocrx_word' id='word_1_144' title='bbox 576 1927 698 1982; x_wconf 89' lang='lat' dir='ltr'>Albinus</span> <span class='ocrx_word' id='word_1_145' title='bbox 715 1928 826 2007; x_wconf 82' lang='lat' dir='ltr'>legatus</span> <span class='ocrx_word' id='word_1_146' title='bbox 843 1945 908 1982; x_wconf 89' lang='lat' dir='ltr'>cum</span> <span class='ocrx_word' id='word_1_147' title='bbox 931 1927 1015 1983; x_wconf 90' lang='lat' dir='ltr'>classi</span> <span class='ocrx_word' id='word_1_148' title='bbox 1032 1933 1188 1998; x_wconf 86' lang='lat' dir='ltr'>praeesset,</span> <span class='ocrx_word' id='word_1_149' title='bbox 1211 1926 1324 1982; x_wconf 85' lang='lat' dir='ltr'>infamis</span> 
     </span>
     <span class='ocr_line' id='line_1_21' title="bbox 295 1994 1324 2064; baseline 0 -16"><span class='ocrx_word' id='word_1_150' title='bbox 295 1994 411 2049; x_wconf 87' lang='lat' dir='ltr'>crimine</span> <span class='ocrx_word' id='word_1_151' title='bbox 427 1995 595 2064; x_wconf 86' lang='lat' dir='ltr'>proditionis</span> <span class='ocrx_word' id='word_1_152' title='bbox 613 1996 649 2050; x_wconf 92' lang='lat' dir='ltr'>ab</span> <span class='ocrx_word' id='word_1_153' title='bbox 667 2001 790 2050; x_wconf 85' lang='lat' dir='ltr'>exercrtu</span> <span class='ocrx_word' id='word_1_154' title='bbox 808 2012 859 2049; x_wconf 92' lang='lat' dir='ltr'>suo</span> <span class='ocrx_word' id='word_1_155' title='bbox 872 1997 1037 2052; x_wconf 87' lang='lat' dir='ltr'>interfectus</span> <span class='ocrx_word' id='word_1_156' title='bbox 1051 2002 1102 2052; x_wconf 93' lang='lat' dir='ltr'>est.</span> <span class='ocrx_word' id='word_1_157' title='bbox 1128 1996 1162 2050; x_wconf 90' lang='lat' dir='ltr'>L.</span> <span class='ocrx_word' id='word_1_158' title='bbox 1179 1995 1324 2051; x_wconf 81' lang='lat' dir='ltr'>Cornelius</span> 
     </span>
     <span class='ocr_line' id='line_1_22' title="bbox 295 2061 1324 2141; baseline 0.002 -25"><span class='ocrx_word' id='word_1_159' title='bbox 295 2062 377 2141; x_wconf 75' lang='lat' dir='ltr'>Sylla</span> <span class='ocrx_word' id='word_1_160' title='bbox 390 2063 501 2133; x_wconf 86' lang='lat' dir='ltr'>legatus</span> <span class='ocrx_word' id='word_1_161' title='bbox 511 2061 650 2117; x_wconf 86' lang='lat' dir='ltr'>Samnites</span> <span class='ocrx_word' id='word_1_162' title='bbox 663 2063 771 2132; x_wconf 90' lang='lat' dir='ltr'>proelio</span> <span class='ocrx_word' id='word_1_163' title='bbox 784 2064 853 2117; x_wconf 84' lang='lat' dir='ltr'>vicit</span> <span class='ocrx_word' id='word_1_164' title='bbox 861 2069 890 2119; x_wconf 91' lang='lat' dir='ltr'>et</span> <span class='ocrx_word' id='word_1_165' title='bbox 898 2064 966 2118; x_wconf 87' lang='lat' dir='ltr'>bina</span> <span class='ocrx_word' id='word_1_166' title='bbox 975 2070 1068 2119; x_wconf 89' lang='lat' dir='ltr'>castra</span> <span class='ocrx_word' id='word_1_167' title='bbox 1076 2079 1172 2118; x_wconf 86' lang='lat' dir='ltr'>eorum</span> <span class='ocrx_word' id='word_1_168' title='bbox 1181 2081 1214 2118; x_wconf 85' lang='lat' dir='ltr'>ex</span> <span class='ocrx_word' id='word_1_169' title='bbox 1235 2081 1324 2135; x_wconf 87' lang='lat' dir='ltr'>ugna-</span> 
     </span>
     <span class='ocr_line' id='line_1_23' title="bbox 295 2129 1325 2201; baseline 0 -18"><span class='ocrx_word' id='word_1_170' title='bbox 295 2136 344 2184; x_wconf 82' lang='lat' dir='ltr'>vrt.</span> <span class='ocrx_word' id='word_1_171' title='bbox 379 2129 431 2184; x_wconf 82' lang='lat' dir='ltr'>Cn.</span> <span class='ocrx_word' id='word_1_172' title='bbox 449 2130 601 2200; x_wconf 88' lang='lat' dir='ltr'>Pompeius</span> <span class='ocrx_word' id='word_1_173' title='bbox 618 2131 749 2186; x_wconf 87' lang='lat' dir='ltr'>Vestinos</span> <span class='ocrx_word' id='word_1_174' title='bbox 766 2132 796 2184; x_wconf 92' lang='lat' dir='ltr'>in</span> <span class='ocrx_word' id='word_1_175' title='bbox 812 2131 983 2186; x_wconf 87' lang='lat' dir='ltr'>deditionem</span> <span class='ocrx_word' id='word_1_176' title='bbox 1001 2132 1119 2201; x_wconf 88' lang='lat' dir='ltr'>accepit.</span> <span class='ocrx_word' id='word_1_177' title='bbox 1154 2131 1188 2184; x_wconf 90' lang='lat' dir='ltr'>L.</span> <span class='ocrx_word' id='word_1_178' title='bbox 1234 2132 1325 2185; x_wconf 91' lang='lat' dir='ltr'>orcius</span> 
     </span>
     <span class='ocr_line' id='line_1_24' title="bbox 294 2198 1326 2271; baseline 0.001 -19"><span class='ocrx_word' id='word_1_179' title='bbox 294 2200 393 2252; x_wconf 89' lang='lat' dir='ltr'>consul</span> <span class='ocrx_word' id='word_1_180' title='bbox 401 2198 485 2254; x_wconf 91' lang='lat' dir='ltr'>rebus</span> <span class='ocrx_word' id='word_1_181' title='bbox 494 2215 626 2271; x_wconf 88' lang='lat' dir='ltr'>prospere</span> <span class='ocrx_word' id='word_1_182' title='bbox 635 2199 722 2270; x_wconf 87' lang='lat' dir='ltr'>gestis</span> <span class='ocrx_word' id='word_1_183' title='bbox 729 2198 855 2269; x_wconf 89' lang='lat' dir='ltr'>fusisque</span> <span class='ocrx_word' id='word_1_184' title='bbox 864 2199 902 2254; x_wconf 90' lang='lat' dir='ltr'>ali</span> <span class='ocrx_word' id='word_1_185' title='bbox 923 2198 1146 2268; x_wconf 88' lang='lat' dir='ltr'>uotieusMarsis,</span> <span class='ocrx_word' id='word_1_186' title='bbox 1156 2198 1223 2252; x_wconf 89' lang='lat' dir='ltr'>dum</span> <span class='ocrx_word' id='word_1_187' title='bbox 1233 2203 1326 2254; x_wconf 88' lang='lat' dir='ltr'>castra</span> 
     </span>
     <span class='ocr_line' id='line_1_25' title="bbox 295 2267 1326 2338; baseline -0.003 -16"><span class='ocrx_word' id='word_1_188' title='bbox 295 2283 391 2322; x_wconf 87' lang='lat' dir='ltr'>eorum</span> <span class='ocrx_word' id='word_1_189' title='bbox 409 2271 564 2338; x_wconf 84' lang='lat' dir='ltr'>expugnat,</span> <span class='ocrx_word' id='word_1_190' title='bbox 584 2267 699 2336; x_wconf 82' lang='lat' dir='ltr'>cecidit3</span> <span class='ocrx_word' id='word_1_191' title='bbox 726 2283 761 2323; x_wconf 90' lang='lat' dir='ltr'>ea</span> <span class='ocrx_word' id='word_1_192' title='bbox 777 2284 823 2324; x_wconf 86' lang='lat' dir='ltr'>res</span> <span class='ocrx_word' id='word_1_193' title='bbox 840 2268 915 2323; x_wconf 92' lang='lat' dir='ltr'>bost1</span> <span class='ocrx_word' id='word_1_194' title='bbox 935 2284 968 2322; x_wconf 91' lang='lat' dir='ltr'>us</span> <span class='ocrx_word' id='word_1_195' title='bbox 984 2267 1130 2322; x_wconf 86' lang='lat' dir='ltr'>victoriam</span> <span class='ocrx_word' id='word_1_196' title='bbox 1147 2267 1208 2322; x_wconf 92' lang='lat' dir='ltr'>eius</span> <span class='ocrx_word' id='word_1_197' title='bbox 1244 2268 1326 2322; x_wconf 90' lang='lat' dir='ltr'>roelii</span> 
     </span>
     <span class='ocr_line' id='line_1_26' title="bbox 294 2335 1396 2407; baseline 0 -18"><span class='ocrx_word' id='word_1_198' title='bbox 294 2335 382 2390; x_wconf 82' lang='lat' dir='ltr'>dedit.</span> <span class='ocrx_word' id='word_1_199' title='bbox 401 2335 554 2390; x_wconf 81' lang='lat' dir='ltr'>Cosconius</span> <span class='ocrx_word' id='word_1_200' title='bbox 563 2340 592 2392; x_wconf 90' lang='lat' dir='ltr'>et</span> <span class='ocrx_word' id='word_1_201' title='bbox 601 2335 883 2392; x_wconf 88' lang='lat' dir='ltr'>LucanusSamnites</span> <span class='ocrx_word' id='word_1_202' title='bbox 892 2336 951 2392; x_wconf 87' lang='lat' dir='ltr'>acie</span> <span class='ocrx_word' id='word_1_203' title='bbox 960 2335 1095 2404; x_wconf 84' lang='lat' dir='ltr'>vicenmt,</span> <span class='ocrx_word' id='word_1_204' title='bbox 1106 2335 1225 2390; x_wconf 90' lang='lat' dir='ltr'>Marium</span> <span class='ocrx_word' id='word_1_205' title='bbox 1256 2352 1325 2407; x_wconf 90' lang='lat' dir='ltr'>gna·</span> <span class='ocrx_word' id='word_1_206' title='bbox 1393 2402 1396 2406; x_wconf 14' lang='grc' dir='ltr'><em>ι</em></span> 
     </span>
     <span class='ocr_line' id='line_1_27' title="bbox 295 2403 1325 2487; baseline 0 -29"><span class='ocrx_word' id='word_1_207' title='bbox 295 2404 365 2483; x_wconf 79' lang='lat' dir='ltr'>tium</span> <span class='ocrx_word' id='word_1_208' title='bbox 377 2403 579 2484; x_wconf 79' lang='lat' dir='ltr'>nobilissimum</span> <span class='ocrx_word' id='word_1_209' title='bbox 591 2405 713 2459; x_wconf 91' lang='lat' dir='ltr'>hostium</span> <span class='ocrx_word' id='word_1_210' title='bbox 722 2405 821 2460; x_wconf 90' lang='lat' dir='ltr'>ducem</span> <span class='ocrx_word' id='word_1_211' title='bbox 830 2404 1008 2487; x_wconf 64' lang='lat' dir='ltr'>occiderunt</span> <span class='ocrx_word' id='word_1_212' title='bbox 1020 2404 1219 2485; x_wconf 78' lang='lat' dir='ltr'>compluraque</span> <span class='ocrx_word' id='word_1_213' title='bbox 1229 2420 1325 2459; x_wconf 90' lang='lat' dir='ltr'>eorum</span> 
     </span>
     <span class='ocr_line' id='line_1_28' title="bbox 294 2471 1326 2619; baseline 0.002 -25"><span class='ocrx_word' id='word_1_214' title='bbox 294 2471 1326 2619; x_wconf 51' lang='lat' dir='ltr'>trel}attitularetut{altitbttrttttittr</span> 
     </span>
     <span class='ocr_line' id='line_1_29' title="bbox 294 2609 1326 2732; baseline 0 -69"><span class='ocrx_word' id='word_1_215' title='bbox 294 2624 524 2732; x_wconf 51' lang='lat' dir='ltr'>mmuiutlsqlff</span> <span class='ocrx_word' id='word_1_216' title='bbox 541 2610 613 2664; x_wconf 91' lang='lat' dir='ltr'>alius</span> <span class='ocrx_word' id='word_1_217' title='bbox 623 2611 890 2732; x_wconf 45' lang='grc' dir='ltr'>ιιιιιτθΐιοῒιιιιειιΙιιῒιιιιι</span> <span class='ocrx_word' id='word_1_218' title='bbox 906 2611 991 2667; x_wconf 87' lang='lat' dir='ltr'>rebus</span> <span class='ocrx_word' id='word_1_219' title='bbox 1008 2611 1096 2683; x_wconf 87' lang='lat' dir='ltr'>gestis</span> <span class='ocrx_word' id='word_1_220' title='bbox 1110 2610 1147 2665; x_wconf 89' lang='lat' dir='ltr'>ad</span> <span class='ocrx_word' id='word_1_221' title='bbox 1159 2609 1326 2682; x_wconf 87' lang='lat' dir='ltr'>petitionem</span> 
     </span>
     <span class='ocr_line' id='line_1_30' title="bbox 294 2693 1249 2733; baseline -0.003 0"><span class='ocrx_word' id='word_1_222' title='bbox 294 2693 362 2733; x_wconf 91' lang='lat' dir='ltr'>cons</span> <span class='ocrx_word' id='word_1_223' title='bbox 394 2693 457 2732; x_wconf 91' lang='lat' dir='ltr'>aus</span> <span class='ocrx_word' id='word_1_224' title='bbox 508 2693 622 2733; x_wconf 90' lang='lat' dir='ltr'>mames</span> <span class='ocrx_word' id='word_1_225' title='bbox 661 2693 693 2731; x_wconf 89' lang='lat' dir='ltr'>ro</span> <span class='ocrx_word' id='word_1_226' title='bbox 707 2695 739 2733; x_wconf 90' lang='lat' dir='ltr'>ec</span> <span class='ocrx_word' id='word_1_227' title='bbox 771 2695 793 2732; x_wconf 92' lang='lat' dir='ltr'>s.</span> <span class='ocrx_word' id='word_1_228' title='bbox 1247 2705 1249 2711; x_wconf 57' lang='lat'><strong>.</strong></span> 
     </span>
     <span class='ocr_line' id='line_1_31' title="bbox 641 2695 922 2799; baseline -0.004 -1"><span class='ocrx_word' id='word_1_229' title='bbox 641 2695 661 2750; x_wconf 71' lang='lat' dir='ltr'>p</span> <span class='ocrx_word' id='word_1_230' title='bbox 701 2758 741 2798; x_wconf 80' lang='lat' dir='ltr'>ux</span> <span class='ocrx_word' id='word_1_231' title='bbox 754 2757 810 2799; x_wconf 75' lang='lat' dir='ltr'>uns.</span> <span class='ocrx_word' id='word_1_232' title='bbox 823 2756 922 2799; x_wconf 72' lang='lat' dir='ltr'>cxxvi.</span> 
     </span>
    </p>

    <p class='ocr_par' dir='ltr' id='par_1_6' title="bbox 295 2812 1393 3566">
     <span class='ocr_line' id='line_1_32' title="bbox 348 2812 1326 2886; baseline -0.001 -19"><span class='ocrx_word' id='word_1_233' title='bbox 348 2814 383 2867; x_wconf 89' lang='lat' dir='ltr'>A.</span> <span class='ocrx_word' id='word_1_234' title='bbox 394 2812 533 2869; x_wconf 79' lang='lat' dir='ltr'>Gabinius</span> <span class='ocrx_word' id='word_1_235' title='bbox 546 2813 659 2886; x_wconf 84' lang='lat' dir='ltr'>legatus</span> <span class='ocrx_word' id='word_1_236' title='bbox 672 2814 757 2870; x_wconf 90' lang='lat' dir='ltr'>rebus</span> <span class='ocrx_word' id='word_1_237' title='bbox 772 2815 905 2870; x_wconf 87' lang='lat' dir='ltr'>adversus</span> <span class='ocrx_word' id='word_1_238' title='bbox 914 2813 1045 2869; x_wconf 86' lang='lat' dir='ltr'>Lucanos</span> <span class='ocrx_word' id='word_1_239' title='bbox 1053 2830 1187 2886; x_wconf 87' lang='lat' dir='ltr'>prospere</span> <span class='ocrx_word' id='word_1_240' title='bbox 1199 2812 1287 2886; x_wconf 84' lang='lat' dir='ltr'>gestis</span> <span class='ocrx_word' id='word_1_241' title='bbox 1297 2817 1326 2869; x_wconf 92' lang='lat' dir='ltr'>et</span> 
     </span>
     <span class='ocr_line' id='line_1_33' title="bbox 295 2881 1326 2962; baseline 0 -27"><span class='ocrx_word' id='word_1_242' title='bbox 295 2881 422 2951; x_wconf 89' lang='lat' dir='ltr'>plurimis</span> <span class='ocrx_word' id='word_1_243' title='bbox 431 2882 541 2962; x_wconf 88' lang='lat' dir='ltr'>oppidis</span> <span class='ocrx_word' id='word_1_244' title='bbox 550 2883 730 2955; x_wconf 87' lang='lat' dir='ltr'>expugnatis,</span> <span class='ocrx_word' id='word_1_245' title='bbox 744 2883 774 2937; x_wconf 91' lang='lat' dir='ltr'>in</span> <span class='ocrx_word' id='word_1_246' title='bbox 784 2883 930 2938; x_wconf 89' lang='lat' dir='ltr'>obsidione</span> <span class='ocrx_word' id='word_1_247' title='bbox 939 2882 1081 2938; x_wconf 88' lang='lat' dir='ltr'>hostilium</span> <span class='ocrx_word' id='word_1_248' title='bbox 1090 2888 1244 2937; x_wconf 87' lang='lat' dir='ltr'>castrorum</span> <span class='ocrx_word' id='word_1_249' title='bbox 1253 2881 1326 2937; x_wconf 90' lang='lat' dir='ltr'>ceci·</span> 
     </span>
     <span class='ocr_line' id='line_1_34' title="bbox 297 2949 1326 3022; baseline 0 -19"><span class='ocrx_word' id='word_1_250' title='bbox 297 2951 347 3005; x_wconf 89' lang='lat' dir='ltr'>dit.</span> <span class='ocrx_word' id='word_1_251' title='bbox 374 2949 514 3021; x_wconf 76' lang='lat' dir='ltr'>Sulpicius</span> <span class='ocrx_word' id='word_1_252' title='bbox 528 2952 639 3022; x_wconf 83' lang='lat' dir='ltr'>legatus</span> <span class='ocrx_word' id='word_1_253' title='bbox 648 2951 822 3006; x_wconf 82' lang='lat' dir='ltr'>Marrucinos</span> <span class='ocrx_word' id='word_1_254' title='bbox 835 2951 938 3007; x_wconf 90' lang='lat' dir='ltr'>cecidit</span> <span class='ocrx_word' id='word_1_255' title='bbox 950 2956 1093 3021; x_wconf 90' lang='lat' dir='ltr'>totamque</span> <span class='ocrx_word' id='word_1_256' title='bbox 1108 2968 1169 3006; x_wconf 87' lang='lat' dir='ltr'>eam</span> <span class='ocrx_word' id='word_1_257' title='bbox 1183 2968 1213 3007; x_wconf 93' lang='lat' dir='ltr'>re</span> <span class='ocrx_word' id='word_1_258' title='bbox 1235 2950 1326 3005; x_wconf 90' lang='lat' dir='ltr'>ionem</span> 
     </span>
     <span class='ocr_line' id='line_1_35' title="bbox 296 3017 1326 3092; baseline 0.001 -21"><span class='ocrx_word' id='word_1_259' title='bbox 296 3020 411 3088; x_wconf 90' lang='lat' dir='ltr'>recepit.</span> <span class='ocrx_word' id='word_1_260' title='bbox 438 3019 489 3075; x_wconf 81' lang='lat' dir='ltr'>On.</span> <span class='ocrx_word' id='word_1_261' title='bbox 498 3019 650 3090; x_wconf 90' lang='lat' dir='ltr'>Pompeius</span> <span class='ocrx_word' id='word_1_262' title='bbox 663 3022 813 3092; x_wconf 91' lang='lat' dir='ltr'>proconsul</span> <span class='ocrx_word' id='word_1_263' title='bbox 822 3020 955 3077; x_wconf 87' lang='lat' dir='ltr'>Vestinos</span> <span class='ocrx_word' id='word_1_264' title='bbox 969 3025 998 3075; x_wconf 91' lang='lat' dir='ltr'>et</span> <span class='ocrx_word' id='word_1_265' title='bbox 1006 3019 1087 3075; x_wconf 90' lang='lat' dir='ltr'>Paeli</span> <span class='ocrx_word' id='word_1_266' title='bbox 1128 3037 1159 3074; x_wconf 95' lang='lat' dir='ltr'>os</span> <span class='ocrx_word' id='word_1_267' title='bbox 1169 3020 1198 3073; x_wconf 93' lang='lat' dir='ltr'>in</span> <span class='ocrx_word' id='word_1_268' title='bbox 1227 3017 1326 3074; x_wconf 90' lang='lat' dir='ltr'>editio·</span> 
     </span>
     <span class='ocr_line' id='line_1_36' title="bbox 297 3086 1326 3160; baseline -0.002 -19"><span class='ocrx_word' id='word_1_269' title='bbox 297 3104 362 3142; x_wconf 90' lang='lat' dir='ltr'>nem</span> <span class='ocrx_word' id='word_1_270' title='bbox 379 3087 497 3157; x_wconf 90' lang='lat' dir='ltr'>aceepit.</span> <span class='ocrx_word' id='word_1_271' title='bbox 524 3088 610 3142; x_wconf 90' lang='lat' dir='ltr'>Marsi</span> <span class='ocrx_word' id='word_1_272' title='bbox 628 3106 752 3160; x_wconf 90' lang='lat' dir='ltr'>quoque,</span> <span class='ocrx_word' id='word_1_273' title='bbox 772 3106 790 3144; x_wconf 87' lang='lat' dir='ltr'>a</span> <span class='ocrx_word' id='word_1_274' title='bbox 807 3087 842 3144; x_wconf 88' lang='lat' dir='ltr'><strong>L.</strong></span> <span class='ocrx_word' id='word_1_275' title='bbox 857 3088 949 3145; x_wconf 75' lang='lat' dir='ltr'>Cinna</span> <span class='ocrx_word' id='word_1_276' title='bbox 965 3094 994 3145; x_wconf 89' lang='lat' dir='ltr'>et</span> <span class='ocrx_word' id='word_1_277' title='bbox 1011 3088 1096 3144; x_wconf 82' lang='lat' dir='ltr'>Caeci</span> <span class='ocrx_word' id='word_1_278' title='bbox 1108 3089 1135 3143; x_wconf 93' lang='lat' dir='ltr'>io</span> <span class='ocrx_word' id='word_1_279' title='bbox 1152 3088 1206 3142; x_wconf 91' lang='lat' dir='ltr'>Pio</span> <span class='ocrx_word' id='word_1_280' title='bbox 1223 3086 1326 3159; x_wconf 85' lang='lat' dir='ltr'>legatis</span> 
     </span>
     <span class='ocr_line' id='line_1_37' title="bbox 297 3154 1325 3228; baseline -0.002 -18"><span class='ocrx_word' id='word_1_281' title='bbox 297 3156 405 3226; x_wconf 87' lang='lat' dir='ltr'>aliquot</span> <span class='ocrx_word' id='word_1_282' title='bbox 421 3156 534 3225; x_wconf 90' lang='lat' dir='ltr'>proeliis</span> <span class='ocrx_word' id='word_1_283' title='bbox 550 3156 647 3227; x_wconf 84' lang='lat' dir='ltr'>fracti,</span> <span class='ocrx_word' id='word_1_284' title='bbox 665 3163 763 3228; x_wconf 89' lang='lat' dir='ltr'>petere</span> <span class='ocrx_word' id='word_1_285' title='bbox 780 3174 880 3228; x_wconf 89' lang='lat' dir='ltr'>pacem</span> <span class='ocrx_word' id='word_1_286' title='bbox 897 3162 1058 3227; x_wconf 89' lang='lat' dir='ltr'>coeperunt.</span> <span class='ocrx_word' id='word_1_287' title='bbox 1084 3156 1220 3211; x_wconf 84' lang='lat' dir='ltr'>Asculum</span> <span class='ocrx_word' id='word_1_288' title='bbox 1238 3172 1257 3210; x_wconf 90' lang='lat' dir='ltr'>a</span> <span class='ocrx_word' id='word_1_289' title='bbox 1274 3154 1325 3209; x_wconf 81' lang='lat' dir='ltr'>Cn.</span> 
     </span>
     <span class='ocr_line' id='line_1_38' title="bbox 297 3223 1324 3295; baseline -0.002 -17"><span class='ocrx_word' id='word_1_290' title='bbox 297 3224 367 3278; x_wconf 93' lang='lat' dir='ltr'>Pom</span> <span class='ocrx_word' id='word_1_291' title='bbox 389 3223 432 3277; x_wconf 93' lang='lat' dir='ltr'>eio</span> <span class='ocrx_word' id='word_1_292' title='bbox 445 3230 559 3293; x_wconf 87' lang='lat' dir='ltr'>captum</span> <span class='ocrx_word' id='word_1_293' title='bbox 572 3230 623 3279; x_wconf 91' lang='lat' dir='ltr'>est.</span> <span class='ocrx_word' id='word_1_294' title='bbox 650 3226 739 3281; x_wconf 88' lang='lat' dir='ltr'>caesis</span> <span class='ocrx_word' id='word_1_295' title='bbox 753 3225 959 3281; x_wconf 89' lang='lat' dir='ltr'>etaMamerco</span> <span class='ocrx_word' id='word_1_296' title='bbox 968 3225 1090 3280; x_wconf 90' lang='lat' dir='ltr'>Aemilio</span> <span class='ocrx_word' id='word_1_297' title='bbox 1104 3224 1200 3295; x_wconf 87' lang='lat' dir='ltr'>legato</span> <span class='ocrx_word' id='word_1_298' title='bbox 1208 3223 1324 3289; x_wconf 87' lang='lat' dir='ltr'>Italicis,</span> 
     </span>
     <span class='ocr_line' id='line_1_39' title="bbox 298 3290 1325 3362; baseline -0.002 -17"><span class='ocrx_word' id='word_1_299' title='bbox 298 3290 358 3345; x_wconf 94' lang='lat' dir='ltr'>Silo</span> <span class='ocrx_word' id='word_1_300' title='bbox 397 3292 559 3361; x_wconf 87' lang='lat' dir='ltr'>ompaedius</span> <span class='ocrx_word' id='word_1_301' title='bbox 569 3293 625 3346; x_wconf 84' lang='lat' dir='ltr'>dux</span> <span class='ocrx_word' id='word_1_302' title='bbox 637 3292 802 3362; x_wconf 88' lang='lat' dir='ltr'>Marsorum,</span> <span class='ocrx_word' id='word_1_303' title='bbox 818 3299 917 3348; x_wconf 88' lang='lat' dir='ltr'>auctor</span> <span class='ocrx_word' id='word_1_304' title='bbox 925 3295 985 3349; x_wconf 89' lang='lat' dir='ltr'>eius</span> <span class='ocrx_word' id='word_1_305' title='bbox 993 3294 1047 3362; x_wconf 91' lang='lat' dir='ltr'>rei,</span> <span class='ocrx_word' id='word_1_306' title='bbox 1062 3294 1091 3346; x_wconf 93' lang='lat' dir='ltr'>in</span> <span class='ocrx_word' id='word_1_307' title='bbox 1100 3293 1207 3362; x_wconf 91' lang='lat' dir='ltr'>proelio</span> <span class='ocrx_word' id='word_1_308' title='bbox 1216 3290 1325 3345; x_wconf 88' lang='lat' dir='ltr'>cecidit.</span> 
     </span>
     <span class='ocr_line' id='line_1_40' title="bbox 297 3358 1326 3433; baseline -0.002 -20"><span class='ocrx_word' id='word_1_309' title='bbox 297 3358 504 3418; x_wconf 83' lang='lat' dir='ltr'>Ariobarzanes</span> <span class='ocrx_word' id='word_1_310' title='bbox 516 3358 728 3429; x_wconf 79' lang='lat' dir='ltr'>Cappadociae,</span> <span class='ocrx_word' id='word_1_311' title='bbox 741 3362 908 3418; x_wconf 87' lang='lat' dir='ltr'>Nicomedes</span> <span class='ocrx_word' id='word_1_312' title='bbox 920 3361 1072 3433; x_wconf 83' lang='lat' dir='ltr'>Bithyniae</span> <span class='ocrx_word' id='word_1_313' title='bbox 1085 3376 1174 3431; x_wconf 86' lang='lat' dir='ltr'>regno</span> <span class='ocrx_word' id='word_1_314' title='bbox 1188 3376 1205 3414; x_wconf 93' lang='lat' dir='ltr'>a</span> <span class='ocrx_word' id='word_1_315' title='bbox 1219 3358 1326 3412; x_wconf 89' lang='lat' dir='ltr'>Mithri·</span> 
     </span>
     <span class='ocr_line' id='line_1_41' title="bbox 299 3425 1393 3500; baseline 0 -21"><span class='ocrx_word' id='word_1_316' title='bbox 299 3427 366 3480; x_wconf 91' lang='lat' dir='ltr'>date</span> <span class='ocrx_word' id='word_1_317' title='bbox 388 3426 474 3480; x_wconf 87' lang='lat' dir='ltr'>Ponti</span> <span class='ocrx_word' id='word_1_318' title='bbox 494 3442 561 3499; x_wconf 86' lang='lat' dir='ltr'>rege</span> <span class='ocrx_word' id='word_1_319' title='bbox 583 3426 658 3496; x_wconf 91' lang='lat' dir='ltr'>pulsi</span> <span class='ocrx_word' id='word_1_320' title='bbox 676 3433 749 3482; x_wconf 89' lang='lat' dir='ltr'>sunt.</span> <span class='ocrx_word' id='word_1_321' title='bbox 784 3434 933 3499; x_wconf 89' lang='lat' dir='ltr'>praeterea</span> <span class='ocrx_word' id='word_1_322' title='bbox 949 3428 1121 3484; x_wconf 88' lang='lat' dir='ltr'>incursiones</span> <span class='ocrx_word' id='word_1_323' title='bbox 1139 3427 1281 3481; x_wconf 87' lang='lat' dir='ltr'>Thracum</span> <span class='ocrx_word' id='word_1_324' title='bbox 1297 3425 1327 3479; x_wconf 91' lang='lat' dir='ltr'>in</span> <span class='ocrx_word' id='word_1_325' title='bbox 1379 3464 1393 3500; x_wconf 61' lang='lat'>3</span> 
     </span>
     <span class='ocr_line' id='line_1_42' title="bbox 298 3493 1179 3566; baseline 0.003 -19"><span class='ocrx_word' id='word_1_326' title='bbox 298 3493 493 3549; x_wconf 88' lang='lat' dir='ltr'>Macedoniam</span> <span class='ocrx_word' id='word_1_327' title='bbox 500 3494 752 3566; x_wconf 85' lang='lat' dir='ltr'>populationesque</span> <span class='ocrx_word' id='word_1_328' title='bbox 761 3494 895 3550; x_wconf 88' lang='lat' dir='ltr'>continet.</span> <span class='ocrx_word' id='word_1_329' title='bbox 1173 3519 1179 3529; x_wconf 32' lang='lat' dir='ltr'>e</span> 
     </span>
    </p>

    <p class='ocr_par' dir='ltr' id='par_1_7' title="bbox 537 3574 932 3615">
     <span class='ocr_line' id='line_1_43' title="bbox 537 3574 932 3615; baseline -0.005 0"><span class='ocrx_word' id='word_1_330' title='bbox 537 3576 539 3580; x_wconf 80' lang='grc'><strong>’</strong></span> <span class='ocrx_word' id='word_1_331' title='bbox 698 3574 809 3615; x_wconf 73' lang='lat' dir='ltr'>nxnna</span> <span class='ocrx_word' id='word_1_332' title='bbox 824 3574 932 3615; x_wconf 78' lang='lat' dir='ltr'>nxxvrr.</span> 
     </span>
    </p>

    <p class='ocr_par' dir='ltr' id='par_1_8' title="bbox 298 3626 1384 4319">
     <span class='ocr_line' id='line_1_44' title="bbox 351 3626 1327 3703; baseline -0.006 -17"><span class='ocrx_word' id='word_1_333' title='bbox 351 3629 421 3686; x_wconf 81' lang='lat' dir='ltr'>Cum</span> <span class='ocrx_word' id='word_1_334' title='bbox 433 3630 467 3683; x_wconf 95' lang='lat' dir='ltr'>P.</span> <span class='ocrx_word' id='word_1_335' title='bbox 478 3628 618 3700; x_wconf 84' lang='lat' dir='ltr'>Sulpicius</span> <span class='ocrx_word' id='word_1_336' title='bbox 631 3630 759 3685; x_wconf 90' lang='lat' dir='ltr'>tribunus</span> <span class='ocrx_word' id='word_1_337' title='bbox 772 3630 864 3703; x_wconf 89' lang='lat' dir='ltr'>plebis</span> <span class='ocrx_word' id='word_1_338' title='bbox 878 3635 992 3686; x_wconf 87' lang='lat' dir='ltr'>auctore</span> <span class='ocrx_word' id='word_1_339' title='bbox 1007 3629 1038 3685; x_wconf 84' lang='lat' dir='ltr'><strong>O.</strong></span> <span class='ocrx_word' id='word_1_340' title='bbox 1052 3627 1142 3684; x_wconf 88' lang='lat' dir='ltr'>Mario</span> <span class='ocrx_word' id='word_1_341' title='bbox 1155 3626 1327 3700; x_wconf 88' lang='lat' dir='ltr'>perniciosas</span> 
     </span>
     <span class='ocr_line' id='line_1_45' title="bbox 299 3696 1326 3770; baseline -0.004 -17"><span class='ocrx_word' id='word_1_342' title='bbox 299 3700 379 3770; x_wconf 84' lang='lat' dir='ltr'>leges</span> <span class='ocrx_word' id='word_1_343' title='bbox 392 3699 610 3770; x_wconf 86' lang='lat' dir='ltr'>promulgasset,</span> <span class='ocrx_word' id='word_1_344' title='bbox 625 3704 658 3753; x_wconf 92' lang='lat' dir='ltr'>ut</span> <span class='ocrx_word' id='word_1_345' title='bbox 670 3700 779 3754; x_wconf 84' lang='lat' dir='ltr'>exsules</span> <span class='ocrx_word' id='word_1_346' title='bbox 792 3703 988 3753; x_wconf 87' lang='lat' dir='ltr'>revocarentur</span> <span class='ocrx_word' id='word_1_347' title='bbox 997 3703 1025 3753; x_wconf 91' lang='lat' dir='ltr'>et</span> <span class='ocrx_word' id='word_1_348' title='bbox 1033 3698 1098 3751; x_wconf 89' lang='lat' dir='ltr'>novi</span> <span class='ocrx_word' id='word_1_349' title='bbox 1107 3699 1181 3753; x_wconf 87' lang='lat' dir='ltr'>cives</span> <span class='ocrx_word' id='word_1_350' title='bbox 1191 3696 1326 3751; x_wconf 88' lang='lat' dir='ltr'>libertini-</span> 
     </span>
     <span class='ocr_line' id='line_1_46' title="bbox 298 3765 1327 3837; baseline -0.004 -16"><span class='ocrx_word' id='word_1_351' title='bbox 298 3785 355 3837; x_wconf 88' lang='lat' dir='ltr'>que</span> <span class='ocrx_word' id='word_1_352' title='bbox 375 3771 396 3835; x_wconf 91' lang='lat'><strong>[.</strong></span> <span class='ocrx_word' id='word_1_353' title='bbox 407 3807 414 3821; x_wconf 91' lang='lat'><strong>.</strong></span> <span class='ocrx_word' id='word_1_354' title='bbox 425 3771 445 3835; x_wconf 84' lang='lat'><strong>.]</strong></span> <span class='ocrx_word' id='word_1_355' title='bbox 465 3767 708 3837; x_wconf 88' lang='lat' dir='ltr'>distribuerentur,</span> <span class='ocrx_word' id='word_1_356' title='bbox 728 3771 757 3822; x_wconf 89' lang='lat' dir='ltr'>et</span> <span class='ocrx_word' id='word_1_357' title='bbox 772 3772 805 3821; x_wconf 91' lang='lat' dir='ltr'>ut</span> <span class='ocrx_word' id='word_1_358' title='bbox 818 3766 850 3822; x_wconf 81' lang='lat' dir='ltr'><strong>O.</strong></span> <span class='ocrx_word' id='word_1_359' title='bbox 863 3765 968 3821; x_wconf 91' lang='lat' dir='ltr'>Marius</span> <span class='ocrx_word' id='word_1_360' title='bbox 987 3768 1119 3821; x_wconf 85' lang='lat' dir='ltr'>adversus</span> <span class='ocrx_word' id='word_1_361' title='bbox 1136 3766 1327 3820; x_wconf 88' lang='lat' dir='ltr'>Mithridatem</span> 
     </span>
     <span class='ocr_line' id='line_1_47' title="bbox 300 3834 1384 3906; baseline -0.005 -15"><span class='ocrx_word' id='word_1_362' title='bbox 300 3836 384 3891; x_wconf 89' lang='lat' dir='ltr'>Ponti</span> <span class='ocrx_word' id='word_1_363' title='bbox 393 3853 423 3890; x_wconf 87' lang='lat' dir='ltr'>re</span> <span class='ocrx_word' id='word_1_364' title='bbox 445 3854 490 3891; x_wconf 92' lang='lat' dir='ltr'>em</span> <span class='ocrx_word' id='word_1_365' title='bbox 498 3836 554 3889; x_wconf 87' lang='lat' dir='ltr'>dux</span> <span class='ocrx_word' id='word_1_366' title='bbox 562 3841 712 3906; x_wconf 88' lang='lat' dir='ltr'>crearetur,</span> <span class='ocrx_word' id='word_1_367' title='bbox 723 3842 752 3891; x_wconf 92' lang='lat' dir='ltr'>et</span> <span class='ocrx_word' id='word_1_368' title='bbox 760 3835 972 3891; x_wconf 80' lang='lat' dir='ltr'>adversantibus</span> <span class='ocrx_word' id='word_1_369' title='bbox 981 3836 1141 3891; x_wconf 90' lang='lat' dir='ltr'>consulibus</span> <span class='ocrx_word' id='word_1_370' title='bbox 1151 3834 1327 3904; x_wconf 80' lang='lat' dir='ltr'>QPompeio</span> <span class='ocrx_word' id='word_1_371' title='bbox 1377 3876 1384 3886; x_wconf 84' lang='lat'><strong>.</strong></span> 
     </span>
     <span class='ocr_line' id='line_1_48' title="bbox 301 3854 1326 3977; baseline -0.003 -18"><span class='ocrx_word' id='word_1_372' title='bbox 301 3910 330 3959; x_wconf 89' lang='lat' dir='ltr'>et</span> <span class='ocrx_word' id='word_1_373' title='bbox 338 3905 372 3958; x_wconf 90' lang='lat' dir='ltr'>L.</span> <span class='ocrx_word' id='word_1_374' title='bbox 383 3854 480 3977; x_wconf 76' lang='lat' dir='ltr'>Syiiae</span> <span class='ocrx_word' id='word_1_375' title='bbox 492 3904 549 3958; x_wconf 83' lang='lat' dir='ltr'>vim</span> <span class='ocrx_word' id='word_1_376' title='bbox 561 3904 713 3974; x_wconf 88' lang='lat' dir='ltr'>intulisset,</span> <span class='ocrx_word' id='word_1_377' title='bbox 728 3904 822 3961; x_wconf 92' lang='lat' dir='ltr'>occiso&#39;</span> <span class='ocrx_word' id='word_1_378' title='bbox 831 3904 865 3969; x_wconf 79' lang='lat' dir='ltr'><strong>Q.</strong></span> <span class='ocrx_word' id='word_1_379' title='bbox 874 3904 993 3975; x_wconf 91' lang='lat' dir='ltr'>Pompei</span> <span class='ocrx_word' id='word_1_380' title='bbox 1005 3904 1126 3959; x_wconf 89' lang='lat' dir='ltr'>consulis</span> <span class='ocrx_word' id='word_1_381' title='bbox 1135 3902 1208 3971; x_wconf 91' lang='lat' dir='ltr'>filio,</span> <span class='ocrx_word' id='word_1_382' title='bbox 1244 3918 1326 3957; x_wconf 89' lang='lat' dir='ltr'>euero</span> 
     </span>
     <span class='ocr_line' id='line_1_49' title="bbox 300 3971 1328 4043; baseline -0.005 -15"><span class='ocrx_word' id='word_1_383' title='bbox 300 3972 410 4043; x_wconf 87' lang='lat' dir='ltr'>Syllae,</span> <span class='ocrx_word' id='word_1_384' title='bbox 424 3973 459 4026; x_wconf 93' lang='lat' dir='ltr'>L.</span> <span class='ocrx_word' id='word_1_385' title='bbox 475 3971 555 4043; x_wconf 87' lang='lat' dir='ltr'>Sylla</span> <span class='ocrx_word' id='word_1_386' title='bbox 573 3972 672 4029; x_wconf 89' lang='lat' dir='ltr'>consul</span> <span class='ocrx_word' id='word_1_387' title='bbox 689 3990 752 4028; x_wconf 89' lang='lat' dir='ltr'>eum</span> <span class='ocrx_word' id='word_1_388' title='bbox 765 3973 889 4029; x_wconf 87' lang='lat' dir='ltr'>exercitu</span> <span class='ocrx_word' id='word_1_389' title='bbox 901 3972 931 4027; x_wconf 92' lang='lat' dir='ltr'>in</span> <span class='ocrx_word' id='word_1_390' title='bbox 943 3973 1041 4028; x_wconf 90' lang='lat' dir='ltr'>urbem</span> <span class='ocrx_word' id='word_1_391' title='bbox 1058 3973 1177 4027; x_wconf 82' lang='lat' dir='ltr'>renitet</span> <span class='ocrx_word' id='word_1_392' title='bbox 1195 3988 1212 4025; x_wconf 93' lang='lat' dir='ltr'>a</span> <span class='ocrx_word' id='word_1_393' title='bbox 1233 3987 1328 4026; x_wconf 89' lang='lat' dir='ltr'>versus</span> 
     </span>
     <span class='ocr_line' id='line_1_50' title="bbox 300 4040 1328 4122; baseline -0.002 -27"><span class='ocrx_word' id='word_1_394' title='bbox 300 4041 452 4097; x_wconf 88' lang='lat' dir='ltr'>factionem</span> <span class='ocrx_word' id='word_1_395' title='bbox 461 4041 568 4122; x_wconf 81' lang='lat' dir='ltr'>Sulpici</span> <span class='ocrx_word' id='word_1_396' title='bbox 577 4047 606 4097; x_wconf 92' lang='lat' dir='ltr'>et</span> <span class='ocrx_word' id='word_1_397' title='bbox 614 4041 688 4097; x_wconf 91' lang='lat' dir='ltr'>Mari</span> <span class='ocrx_word' id='word_1_398' title='bbox 696 4041 726 4095; x_wconf 92' lang='lat' dir='ltr'>in</span> <span class='ocrx_word' id='word_1_399' title='bbox 734 4041 799 4122; x_wconf 75' lang='lat' dir='ltr'>ipsa</span> <span class='ocrx_word' id='word_1_400' title='bbox 804 4042 874 4098; x_wconf 90' lang='lat' dir='ltr'>urbe</span> <span class='ocrx_word' id='word_1_401' title='bbox 883 4041 1020 4113; x_wconf 81' lang='lat' dir='ltr'>pugnavit</span> <span class='ocrx_word' id='word_1_402' title='bbox 1029 4058 1145 4121; x_wconf 83' lang='lat' dir='ltr'>eamque</span> <span class='ocrx_word' id='word_1_403' title='bbox 1155 4040 1282 4119; x_wconf 35' lang='lat' dir='ltr'>expulit..</span> <span class='ocrx_word' id='word_1_404' title='bbox 1294 4055 1328 4094; x_wconf 85' lang='lat' dir='ltr'>ex</span> 
     </span>
     <span class='ocr_line' id='line_1_51' title="bbox 300 4107 1328 4259; baseline -0.001 -28"><span class='ocrx_word' id='word_1_405' title='bbox 300 4107 1328 4259; x_wconf 51' lang='lat' dir='ltr'>detritustitillabamurliberalitati-‚¹35</span> 
     </span>
     <span class='ocr_line' id='line_1_52' title="bbox 300 4246 1328 4319; baseline 0.001 -21"><span class='ocrx_word' id='word_1_406' title='bbox 300 4261 346 4299; x_wconf 84' lang='lat' dir='ltr'>sur</span> <span class='ocrx_word' id='word_1_407' title='bbox 357 4252 494 4311; x_wconf 86' lang='lat' dir='ltr'>retractus</span> <span class='ocrx_word' id='word_1_408' title='bbox 508 4253 537 4305; x_wconf 91' lang='lat' dir='ltr'>et</span> <span class='ocrx_word' id='word_1_409' title='bbox 550 4248 658 4303; x_wconf 90' lang='lat' dir='ltr'>occisus</span> <span class='ocrx_word' id='word_1_410' title='bbox 672 4253 723 4305; x_wconf 91' lang='lat' dir='ltr'>est.</span> <span class='ocrx_word' id='word_1_411' title='bbox 750 4264 844 4303; x_wconf 86' lang='lat' dir='ltr'>servus</span> <span class='ocrx_word' id='word_1_412' title='bbox 857 4252 889 4304; x_wconf 92' lang='lat' dir='ltr'>ut</span> <span class='ocrx_word' id='word_1_413' title='bbox 900 4264 1055 4319; x_wconf 83' lang='lat' dir='ltr'>praemium</span> <span class='ocrx_word' id='word_1_414' title='bbox 1068 4263 1232 4318; x_wconf 82' lang='lat' dir='ltr'>promissum</span> <span class='ocrx_word' id='word_1_415' title='bbox 1241 4246 1328 4301; x_wconf 90' lang='lat' dir='ltr'>md1c1</span> 
     </span>
    </p>
   </div>
   <div class='ocr_carea' id='block_1_5' title="bbox 353 4329 1162 4391">
    <p class='ocr_par' dir='ltr' id='par_1_9' title="bbox 353 4329 1162 4391">
     <span class='ocr_line' id='line_1_53' title="bbox 353 4329 1162 4391; baseline 0.001 -18"><span class='ocrx_word' id='word_1_416' title='bbox 353 4329 491 4391; x_wconf 55' lang='lat' dir='ltr'>Heluetii&amp;</span> <span class='ocrx_word' id='word_1_417' title='bbox 1128 4334 1162 4387; x_wconf 78' lang='lat'>14</span> 
     </span>
    </p>
   </div>
   <div class='ocr_carea' id='block_1_6' title="bbox 0 0 1704 4975">
    <p class='ocr_par' dir='ltr' id='par_1_10' title="bbox 0 0 1704 4975">
     <span class='ocr_line' id='line_1_54' title="bbox 0 0 1704 4975; baseline 0 0"><span class='ocrx_word' id='word_1_418' title='bbox 0 0 1704 4975; x_wconf 95' lang='lat' dir='ltr'> </span> 
     </span>
    </p>
   </div>
  </div>
 </body>
</html>
