3384 4975
443 507 445 511 ⁷
523 551 640 605 amna
657 549 801 617 mmm,
820 548 918 602 11.12.
940 547 1091 618 [auru]
1279 535 1319 601 11

294 710 413 777 Histris
443 707 633 794 praebebat,
669 706 841 768 multorum
873 705 996 768 dierum
1027 727 1121 789 opere
1152 716 1320 791 exceptum

294 828 379 870 novo
398 805 489 868 alveo
508 802 631 865 avertit.
668 822 707 862 ea
723 822 774 862 res
796 799 948 862 barbaros
967 799 1118 864 miraculo
1136 804 1248 866 terruit
1265 802 1356 870 ab·4

296 900 397 963 scisae
416 917 533 976 aquae3
556 904 588 957 et
605 914 645 955 ue
668 903 737 955 tum
755 891 884 974 quidem
902 915 1057 956 memores
1075 895 1177 976 pacis,
1200 896 1234 959 in
1251 918 1322 961 oae-

296 993 371 1056 dem
393 988 566 1071 coniugum
588 1008 625 1049 ac
651 984 823 1048 liberorum
844 985 944 1060 versi,
968 985 1062 1049 etiam
1084 999 1120 1049 ut
1142 990 1322 1072 spectaculo

297 1082 443 1146 hostibus
456 1090 522 1143 tam
536 1078 665 1142 foedum
676 1078 801 1142 facinus
811 1089 904 1155 esset,
914 1079 1021 1163 palam
1031 1078 1171 1142 in'muris
1186 1082 1323 1145 trucida-

298 1191 349 1240 tos
363 1174 621 1260 praecipitabant.
648 1174 732 1237 inter
746 1173 840 1237 simul
853 1173 1122 1257 conplorationem
1136 1173 1324 1238 feminarum
1341 1196 1355 1243 a

297 1289 541 1355 puerorumque,
556 1268 650 1331 simul
663 1267 835 1332 nefandam
851 1268 991 1342 caedem,
1007 1267 1122 1332 milites
1136 1268 1324 1351 transgressi

297 1387 425 1427 murum
442 1363 596 1446 oppidum
613 1362 780 1427 intrarunt.
825 1363 916 1426 ouius
936 1363 1021 1447 capti
1039 1363 1132 1426 simul
1151 1385 1191 1426 ex
1208 1361 1324 1446 pavido
1343 1383 1357 1429 6

297 1458 435 1521 clamore
444 1454 637 1540 fugientium
647 1453 825 1541 [nuntium]
832 1457 954 1540 accepit
964 1479 1030 1532 rex,
1040 1456 1163 1520 traiecit
1172 1456 1256 1520 ferro
1268 1477 1324 1540 pe·

299 1561 380 1626 ctus,
394 1573 435 1615 ne
444 1550 537 1614 vivus
547 1560 713 1635 caperetur
718 1575 727 1626 3
742 1551 839 1615 ceteri
853 1551 938 1636 capti
948 1562 1002 1614 aut
1012 1550 1117 1615 occisi.
1136 1551 1200 1614 duo
1210 1549 1324 1614 deinde
1344 1571 1357 1615 7

298 1646 428 1730 oppida,
445 1645 565 1709 Mutila
578 1657 610 1709 et
622 1645 769 1723 Faveria,
788 1646 821 1709 vi
840 1657 933 1731 capta
951 1658 983 1710 et
1001 1646 1113 1710 deleta.
1140 1646 1269 1730 praeda,
1288 1656 1324 1708 ut
1342 1664 1357 1711 8

298 1739 332 1802 in
349 1751 445 1824 gente
468 1738 569 1823 inopi,
597 1761 653 1824 spe
676 1739 777 1803 maior
798 1739 873 1815 fuit,
899 1750 930 1803 et
948 1739 1050 1803 omnis
1073 1739 1225 1803 militibus
1249 1760 1323 1802 oon·

299 1855 388 1896 cessa
407 1843 463 1897 est.
509 1833 649 1915 quinque
672 1833 759 1896 milia
782 1834 923 1917 capitum
942 1844 1086 1898 sescenta
1108 1833 1237 1918 triginta
1259 1832 1323 1896 duo

298 1927 359 1990 sub
378 1948 494 1990 corona
515 1927 693 1990 venierunt.
738 1939 884 1991 auctores
907 1926 983 1991 belli
1001 1927 1099 2012 virgis
1119 1928 1203 1991 caesi
1221 1937 1253 1990 et
1275 1948 1324 1989 se-

298 2021 367 2085 curi
390 2020 541 2104 percussi.
586 2020 710 2083 Histria
732 2031 799 2084 tota
821 2021 917 2084 trium
940 2021 1129 2104 oppidorum
1152 2021 1275 2085 excidio
1293 2031 1324 2085 et
1343 2039 1357 2085 9

299 2125 402 2178 morte
423 2113 508 2197 regis
529 2124 643 2196 pacata
661 2125 708 2176 est
725 2135 898 2196 omnesque
915 2115 1056 2197 undique
1078 2115 1189 2198 populi
1205 2114 1324 2179 obsidi-

299 2207 360 2271 bus
378 2206 459 2269 datis
477 2207 510 2269 in
528 2205 684 2270 dicionem
702 2218 867 2270 venerunt.

365 2299 434 2364 Sub
444 2299 577 2364 Histrici
595 2299 691 2364 finem
709 2299 784 2364 belli
799 2311 877 2384 aput
886 2299 1025 2385 Ligures
1040 2298 1174 2364 concilia
1188 2299 1227 2365 de
1242 2298 1325 2363 bello

298 2394 409 2458 haberi
427 2403 549 2477 coepta.

314 2495 318 2502 '
363 2487 445 2550 XII.
473 2487 523 2549 Ti.
535 2482 691 2551 Claudius
709 2488 889 2571 proconsul,
909 2488 964 2572 qui
981 2499 1108 2573 praetor
1122 2488 1226 2573 priore
1241 2509 1323 2551 anno
1344 2508 1356 2550 1

300 2582 415 2656 fuerat,
434 2600 507 2642 cum
523 2580 680 2663 praesidio
694 2582 827 2664 legionis
840 2582 935 2645 unius
949 2582 1034 2645 Pisis
1052 2593 1206 2665 praeerat.
1234 2581 1324 2644 cuius
1344 2599 1358 2643 2

299 2674 411 2739 litteris
421 2683 549 2737 senatus
560 2674 674 2736 certior
688 2673 803 2749 factus,
821 2697 875 2737 eas
889 2676 974 2757 ipsas
987 2676 1109 2738 litteras
1125 2676 1166 2736 ad
1176 2672 1215 2736 C.
1228 2671 1326 2737 Clau·

301 2768 443 2832 dium-
457 2789 532 2829 nam
550 2759 629 2830 alter
647 2768 757 2831 consul
774 2768 837 2830 iam
856 2768 889 2830 in
909 2767 1088 2833 Sardiniam
1107 2767 1272 2831 traiecerat
1285 2803 1328 2813 -—

298 2862 490 2926 deferendas
515 2872 622 2925 censet
645 2872 677 2925 et
703 2862 800 2926 adicit
827 2863 1005 2939 decretum,
1032 2861 1183 2946 quoniam
1205 2862 1359 2926 Histriat

302 2955 466 3039 provincia
489 2957 634 3019 confecta
655 2967 753 3033 esset,
776 2955 803 3019 si
825 2956 856 3021 ei
878 2956 1051 3033 videretur,
1071 2955 1246 3020 exercitum
1263 2966 1326 3019 tra-

301 3050 432 3119 duceret
454 3050 487 3113 in
505 3050 653 3134 Ligures.
699 3050 793 3114 simul
815 3072 856 3114 ex
877 3050 989 3115 litteris
1012 3051 1165 3127 consulis,
1188 3071 1267 3132 quas
1286 3048 1325 3112 de
1344 3067 1360 3113 4

301 3143 396 3207 rebus
413 3144 447 3206 in
464 3144 587 3207 Histria
609 3144 707 3228 gestis
725 3144 908 3228 scripserat,
930 3144 963 3208 in
985 3144 1120 3209 biduum
1138 3142 1325 3228 supplicatio

301 3238 438 3303 decreta.
466 3249 498 3303 et
517 3235 589 3323 [ab]
609 3239 708 3303 altero
726 3239 855 3303 consule
865 3238 915 3302 Ti.
927 3238 1116 3323 Sempronio
1134 3238 1167 3302 in
1178 3236 1326 3302 Sardinia

301 3353 451 3417 prospere
469 3354 519 3396 res
537 3342 637 3417 gesta.
665 3333 840 3397 exercitum
857 3332 891 3395 in
908 3354 1022 3417 agrum
1037 3331 1213 3396 Sardorum
1230 3330 1327 3393 Ilien-
1345 3346 1359 3393 5

303 3426 386 3488 sium
403 3425 542 3502 induxit3
561 3425 751 3489 Balarorum
768 3448 887 3511 magna
905 3425 1025 3489 auxilia
1042 3425 1213 3489 Iliensibus
1231 3444 1328 3486 vene·

303 3529 389 3591 rant3
418 3540 491 3580 oum
514 3531 650 3600 utraque
672 3530 767 3602 gente
790 3520 889 3603 signis
913 3518 1046 3583 conlatis
1069 3516 1220 3581 conflixit.
1264 3514 1328 3576 fusi

304 3608 472 3691 fugatique
494 3609 600 3673 hostes
620 3612 793 3691 castrisque
811 3612 913 3685 exuti,
936 3610 1104 3672 duodecim
1121 3607 1209 3670 milia
1226 3629 1329 3670 arma·

306 3711 411 3764 torum
429 3721 530 3763 caesa.
574 3712 701 3785 postero
724 3703 775 3767 die
799 3725 888 3766 arma
909 3704 992 3766 leota
1010 3701 1112 3765 conici
1128 3702 1162 3765 in
1180 3722 1328 3768 acervum
1347 3717 1360 3765 6

304 3793 397 3860 iussit
415 3796 526 3858 consul
543 3817 732 3878 sacrumque
753 3796 787 3859 id
805 3788 952 3863 Vulcano
971 3796 1132 3860 cremavit.
1176 3794 1327 3860 victorem

304 3887 481 3955 exercitum
505 3888 539 3953 in
566 3888 698 3952 hiberna
725 3890 880 3955 sociarum
908 3890 1035 3955 urbium
1057 3889 1193 3955 reduxit.
1237 3900 1269 3955 et
1287 3887 1359 3953 C.7

306 3982 463 4048 Claudius
486 3983 597 4048 litteris
616 3983 666 4047 Ti.
686 3981 803 4050 Claudi
827 3997 859 4051 et
879 3996 1009 4050 'senatus
1033 3986 1175 4050 consulto
1197 3996 1327 4071 accepto

305 4102 347 4144 ex
370 4078 493 4143 Histria
514 4078 656 4164 legiones
678 4078 711 4143 in
729 4078 868 4166 Ligures
891 4080 1077 4144 transduxit.
1121 4080 1162 4144 ad
1180 4077 1328 4145 Sculten·
1347 4096 1362 4144 8

305 4197 381 4239 nam
398 4175 518 4239 flumen
534 4175 567 4238 in
586 4196 715 4259 campos
733 4175 894 4260 progressi
913 4185 1016 4239 castra
1032 4173 1193 4239 habebant
1210 4174 1327 4239 hostes.

305 4268 352 4333 ibi
382 4290 455 4333 cum
480 4268 530 4332 his
557 4268 624 4334 acie
654 4268 849 4333 dimiomum.
901 4268 1083 4352 quindecim
1113 4270 1200 4335 milia
1226 4290 1328 4342 caesa,
