3384 4975
447 482 450 487 ¹
502 541 509 548 ·
543 531 662 588 nrnnn
678 531 836 603 xxxxv,
856 533 897 587 ra
916 536 956 601 [a.
966 531 998 589 o.
1009 532 1072 603 111]
1261 519 1333 586 161

297 716 372 760 eum
394 691 476 757 duae
497 689 532 754 in
554 691 693 776 speciem
709 689 862 754 honestae
885 712 950 765 res,
973 713 1039 753 una
1060 691 1229 775 gratulatio
1248 710 1326 762 eon-

279 784 283 791 ¹
296 789 427 854 veniens
444 787 478 851 in
492 809 531 852 ea
544 784 687 860 victoria,
705 805 803 869 quam
819 784 889 869 ipse
903 783 1086 861 adiuvisset,
1104 785 1203 849 altera
1221 787 1327 873 queri·

295 883 404 947 monia
422 879 541 945 Gallici
558 876 713 943 tumultus
736 889 949 964 acceptaeque
967 878 1080 954 cladis,
1104 900 1168 962 qua
1190 901 1326 963 regnum

295 977 330 1040 in
349 975 484 1039 dubium
501 972 676 1036 adductum
698 982 792 1037 esset.
836 972 967 1036 suberat
985 981 1016 1036 et
1039 983 1161 1036 secreta
1178 994 1250 1056 spes
1268 972 1361 1041 lio-4

297 1091 412 1132 norum
429 1064 707 1151 praemiorumque
725 1066 766 1128 ab
785 1076 909 1141 senatu,
928 1087 1010 1148 quae
1029 1065 1084 1128 vix
1101 1066 1190 1129 salva
1206 1066 1326 1152 pietate

295 1162 329 1226 ei
347 1161 531 1246 contingere
548 1170 704 1245 poterant.
731 1158 853 1245 [erant]
870 1159 954 1224 enim
967 1159 1098 1242 quidam
1107 1158 1328 1224 Romanorum

298 1276 426 1339 quoque
443 1276 510 1318 non
526 1253 602 1317 boni
625 1263 784 1330 auctores,
807 1253 864 1337 qui
886 1274 943 1339 spe
961 1253 1167 1337 cupiditatem
1184 1255 1252 1318 eius
1271 1253 1329 1318 eli·

293 1360 419 1425 -cerent3
439 1371 510 1414 eam
528 1347 710 1434 opinionem
729 1348 769 1412 de
777 1347 891 1411 Attalo
910 1357 942 1412 et
950 1345 1097 1412 Eumene
1106 1348 1229 1413 Romae
1244 1365 1360 1424 esse„5

295 1453 462 1525 tamquam
480 1443 520 1507 de
539 1442 638 1507 altero
656 1441 811 1505 Romanis
830 1451 916 1505 certo
935 1441 1047 1518 amico,
1066 1441 1165 1506 altero
1183 1463 1242 1506 neo
1259 1441 1328 1506 Ro-

298 1537 401 1602 manis
409 1559 469 1601 nec
476 1536 589 1602 Persei
602 1536 666 1600 fido
680 1535 777 1601 socio.
803 1535 912 1619 itaque
922 1535 977 1598 vix
989 1536 1087 1600 statui
1100 1557 1204 1620 posse,
1218 1546 1327 1599 utrum
1345 1553 1361 1600 c

294 1653 381 1714 quae
398 1653 456 1715 pro
474 1654 524 1707 se,
547 1653 589 1694 an
607 1651 689 1714 quae
707 1640 818 1695 contra
839 1630 971 1694 fratrem
988 1630 1145 1714 petiturus
1164 1639 1262 1707 esset,
1286 1628 1329 1695 ab

294 1735 410 1788 senatu
431 1724 535 1809 magis
556 1723 759 1809 inpetrabilia
780 1724 899 1801 forent;
927 1724 1007 1788 adeo
1029 1724 1193 1789 universos
1221 1722 1330 1789 omnia

298 1829 330 1882 et
347 1818 421 1881 huic
438 1819 578 1882 tribuere
596 1829 628 1882 et
645 1820 689 1883 illi
708 1841 784 1884 vero
801 1841 930 1904 negare.
967 1840 1077 1882 eorum
1093 1817 1273 1895 hominum,
1291 1826 1328 1882 ut
1346 1836 1361 1882 ⁷

297 1935 349 1977 res
368 1912 491 1987 docuit,
509 1913 640 1976 Attalus
658 1924 740 1989 erat,
765 1914 821 1996 qui
839 1923 1002 1994 quantum,
1014 1935 1086 1996 spes
1104 1912 1329 1997 spopondisset

299 2015 466 2088 cuperent,
492 2004 527 2066 ni
548 2004 642 2067 unius
666 2006 759 2069 amici
781 2007 922 2089 prudens
949 2006 1082 2069 monitio
1104 2007 1194 2070 velut
1218 2006 1328 2071 frenos

298 2098 406 2161 animo
424 2097 492 2160 eius
510 2096 660 2181 gestienti
677 2098 825 2161 secundis
842 2098 938 2161 rebus
957 2098 1160 2182 inposuisset.
1188 2097 1327 2163 Stratius
1346 2117 1362 2162 8

299 2215 373 2257 cum
392 2214 429 2256 eo
450 2191 512 2256 fuit
529 2191 681 2268 medicus,
701 2192 742 2255 ad
758 2191 914 2277 idipsum
933 2215 953 2256 a
969 2213 1035 2255 non
1053 2213 1163 2255 securo
1181 2190 1329 2254 Eumene

296 2287 437 2351 Romam
453 2286 586 2363 missus,
604 2287 784 2370 speculator
800 2308 922 2362 rerum,
941 2293 1024 2369 quae
1042 2308 1062 2349 a
1079 2285 1176 2351 fratre
1196 2305 1330 2368 ageren-

298 2391 365 2457 tur,
390 2381 591 2464 monitorque
608 2380 706 2458 fidus,
729 2381 756 2445 si
780 2379 892 2446 decedi
909 2381 972 2446 fide
990 2381 1130 2446 vidisset.
1165 2380 1192 2446 is
1211 2380 1253 2444 ad
1275 2400 1329 2444 oc·
1347 2398 1362 2443 9

299 2484 432 2558 cupatas
464 2475 530 2538 iam
561 2499 653 2540 aures
685 2477 953 2560 sollicitatumque
984 2474 1049 2541 iam
1080 2475 1222 2542 animum
1254 2498 1330 2540 cum

298 2568 454 2643 venisset,
487 2570 657 2652 adgressus
683 2572 878 2654 tempestivis
907 2571 1106 2635 sermonibus
1133 2594 1202 2635 rem
1227 2591 1329 2654 prope

299 2663 482 2746 prolapsam
496 2662 644 2739 restituit,
659 2663 716 2726 alls
732 2665 794 2728 alia
807 2687 909 2748 regna
919 2664 1055 2728 crevisse
1069 2664 1166 2727 rebus
1176 2664 1329 2731 dicendo:

298 2779 435 2841 regnum
458 2779 569 2821 eorum
586 2778 720 2833 novum,
743 2758 838 2821 nullis
857 2757 989 2823 vetustis
1014 2758 1185 2822 fundatum
1202 2757 1328 2843 opibus,
1348 2777 1382 2824 10
1412 2783 1414 2788 ’

299 2850 441 2914 fraterna
467 2861 551 2915 stare
578 2852 762 2928 concordia,
791 2853 879 2936 quod
900 2874 984 2916 unus
1006 2874 1124 2916 nomen
1148 2852 1275 2937 regium
1297 2861 1331 2916 et

300 2946 508 3030 praecipuum
526 2945 638 3030 capitis
655 2945 780 3031 insigne
798 2957 905 3031 gerat,
924 2969 1034 3013 omnes
1052 2947 1166 3012 fratres
1183 2957 1329 3032 regnent.

255 3082 257 3084 >
299 3039 448 3103 Attalum
462 3062 548 3117 vero,
568 3040 624 3123 qui
641 3050 745 3105 aetate
761 3042 926 3126 proximus
941 3043 991 3120 sit,
1011 3042 1082 3126 quis
1097 3064 1162 3107 non
1178 3064 1237 3127 pro
1251 3064 1329 3127 rege
1349 3062 1380 3108 11

300 3132 435 3197 habeat?
452 3155 556 3216 neque
574 3157 612 3198 eo
627 3136 740 3211 solum,
759 3136 835 3219 quia
849 3148 952 3201 tantas
970 3127 1153 3222 praesentes
1169 3138 1237 3201 eius
1251 3158 1329 3222 opes

297 3235 424 3303 cemat‚
449 3228 506 3291 sed
530 3228 617 3310 quod
639 3227 726 3292 haud
749 3230 937 3315 ambiguum
957 3253 1057 3317 prope
1076 3232 1161 3295 diem
1178 3244 1330 3315 regnatu-

300 3342 373 3383 rum
391 3343 465 3384 eum
481 3322 664 3387 infirmitate
682 3334 851 3408 aetateque
869 3324 1024 3390 Eumenis
1043 3327 1099 3402 sit,
1118 3326 1239 3388 nullam
1258 3324 1330 3389 stirss

300 3437 375 3499 pem
392 3415 528 3479 liberum
553 3416 760 3480 habentis-
776 3419 917 3482 necdum
938 3420 1024 3483 enim
1047 3429 1222 3503 agnoverat
1245 3442 1330 3493 eum,

301 3505 358 3587 qui
375 3519 486 3589 postea
500 3507 707 3591 regnarit—.
734 3510 812 3591 quid
831 3512 974 3574 adtinere
992 3511 1058 3573 vim
1072 3511 1197 3573 adferre
1212 3510 1258 3573 rei
1272 3533 1331 3573 sua
1351 3530 1382 3575 12

301 3607 415 3683 sponte
438 3599 479 3660 ad
502 3622 576 3661 eum
599 3621 675 3662 mox
697 3604 871 3667 venturae?
900 3603 1071 3667 accessisse
1094 3602 1189 3666 etiam
1212 3626 1330 3668 novam

301 3701 524 3775 tempestatem
542 3714 641 3777 regno
660 3696 814 3758 tumultus
833 3695 961 3773 Gallici,
980 3697 1032 3760 cui
1049 3696 1105 3760 vix
1123 3718 1279 3761 consensu
1297 3708 1330 3761 et

302 3784 473 3851 concordia
490 3808 604 3871 regum
621 3786 725 3851 resisti
743 3801 850 3871 queat.
878 3791 906 3855 si
924 3813 999 3855 vero
1018 3792 1059 3855 ad
1078 3802 1244 3855 externum
1262 3792 1331 3857 bel·
1349 3809 1381 3854 13

299 3881 369 3945 lum
397 3880 572 3944 domestica
599 3880 711 3945 seditio
739 3883 909 3961 adiciatur,
937 3885 1006 3950 sisti
1032 3908 1097 3950 non
1123 3907 1226 3969 posse.
1270 3907 1330 3951 nec

302 3973 391 4038 aliud
409 3996 482 4038 eum
505 3997 616 4058 quam,
644 3998 684 4040 ne
706 3976 805 4041 frater
821 3977 856 4043 in
873 4001 972 4065 regno
991 3980 1158 4055 moriatur,
1185 3980 1246 4044 sibi
1267 3979 1330 4065 ipsi

302 4090 393 4154 spem
417 4070 631 4154 propinquam
648 4072 740 4157 regni
758 4083 951 4158 erepturum.
997 4074 1025 4138 si
1041 4085 1176 4156 utraque
1193 4074 1330 4159 gloriosa
1350 4094 1383 4140 14

301 4184 353 4227 res
372 4175 470 4241 esset,
494 4179 526 4229 et
544 4189 688 4232 servasse
710 4167 801 4232 fratri
818 4192 954 4254 regnum
972 4179 1004 4233 et
1022 4169 1190 4254 eripuisse,
1213 4167 1330 4233 servati

302 4266 410 4322 tamen
436 4260 542 4345 regni,
570 4282 653 4344 quae
675 4262 785 4328 iuncta
806 4255 918 4349 pietati
941 4263 996 4341 sit,
1023 4263 1179 4350 potiorem
1200 4262 1331 4327 laudem
