3384 4975
619 352 626 389 l

516 536 632 591 aman
649 534 807 604 mxu,
826 533 924 589 sace
944 536 983 606 [a.
994 534 1024 591 c.
1036 537 1097 606 171]
1283 521 1324 586 75
1423 614 1425 619 .

297 717 397 758 naeus
419 692 630 778 praepositus.
675 700 707 755 et
734 690 795 754 alia
822 690 935 755 eodem
962 692 1080 756 auxilia
1102 693 1254 759 Romanis
1282 717 1323 758 ex

297 787 446 851 omnibus
463 786 606 868 undique
624 781 780 849 Graeciae
798 784 925 869 populis
944 798 1167 875 convenerunt,
1186 809 1323 870 quorum

297 882 450 966 pleraque
467 912 511 924 --
527 877 608 941 adeo
625 894 725 962 parva
743 887 832 940 erant
849 911 893 924 -
909 877 943 941 in
961 877 1152 945 oblivionem
1176 881 1321 947 adducta.

298 973 526 1058 Apolloniatae
543 980 700 1034 trecentos
718 970 855 1052 equites,
875 981 1002 1035 centum
1019 972 1141 1056 pedites
1159 974 1320 1046 miserunt.
1342 997 1355 1043 9

299 1065 490 1130 Aetolorum
504 1063 572 1128 alae
586 1063 680 1127 unius
692 1063 801 1138 instar,
820 1074 975 1146 quantum
990 1065 1032 1129 ab
1044 1075 1111 1130 tota
1127 1077 1222 1151 gente
1236 1069 1323 1148 equi-

299 1169 369 1223 tum
386 1168 530 1235 venerat,
548 1168 579 1222 ct
597 1156 838 1234 Thessalorum,
859 1155 1026 1242 [quorum]
1046 1161 1147 1223 omnis
1165 1159 1322 1242 equitatus
1343 1184 1374 1230 10

299 1263 443 1337 speratus
465 1262 545 1328 erat,
572 1273 637 1314 non
663 1251 735 1335 plus
758 1272 855 1332 quam
878 1252 1010 1315 trecenti
1034 1262 1123 1316 erant
1146 1252 1269 1336 equites
1290 1253 1324 1317 in

237 1424 242 1431 .
297 1347 409 1410 castris
423 1345 586 1409 Romanis.
613 1344 737 1409 Achaei
755 1344 928 1408 iuventutis
948 1367 1024 1411 suae
1040 1342 1168 1411 Cretico
1186 1347 1323 1412 maxime

296 1450 422 1504 armatu
440 1439 584 1503 ad‘mille
603 1438 794 1522 quingentos
813 1439 978 1504 dederunt.
1077 1434 1080 1438 ⁵

360 1534 451 1599 LVI.
480 1530 550 1597 Sub
567 1533 652 1597 idem
670 1543 796 1618 tempus
813 1543 845 1596 et
864 1529 903 1597 C.
922 1530 1093 1598 Lucretius
1110 1545 1247 1619 praetor,
1267 1534 1322 1618 qui
1343 1559 1356 1603 1

295 1628 431 1691 navibus
445 1637 590 1713 praeerat
604 1627 645 1690 ad
655 1623 906 1710 Cephallaniam,
917 1626 965 1690 M.
976 1626 1127 1714 Lucretio
1142 1628 1238 1694 fratre
1249 1651 1322 1694 cum

295 1723 397 1786 classe
419 1743 515 1806 super
532 1721 678 1785 Maleum
697 1718 883 1785 Chalcidem
905 1721 991 1785 iusso
1013 1732 1120 1806 petere
1142 1723 1211 1808 ipse
1233 1723 1323 1788 trire-

294 1840 379 1883 mem
397 1817 594 1893 conscendit,
617 1817 723 1881 sinum
742 1815 943 1885 Corinthium
961 1828 1072 1901 petens
1091 1817 1132 1881 ad
1149 1839 1322 1902 praeoccu-

294 1912 417 1996 pandas
435 1911 469 1973 in
486 1910 621 1974 Boeotia
638 1933 698 1975 res.
726 1911 845 1974 tardior
860 1910 889 1975 ei
907 1910 1068 1994 navigatio
1087 1922 1217 1996 propter
1234 1912 1321 1975 infir·
1340 1935 1354 1979 2

295 2005 440 2067 mitatem
456 2004 595 2087 corporis
607 2003 678 2066 fuit.
706 2003 755 2068 Μ.
765 2003 938 2067 Lucretius
949 2000 1137 2068 Chalcidem
1150 2004 1322 2070 adveniens
1341 2027 1355 2072 3

297 2118 371 2160 cum
385 2095 452 2159 aP.
463 2095 603 2158 Lentulo
612 2094 797 2158 Haliartum
807 2096 988 2179 oppugnari
1002 2095 1151 2171 audisset,
1165 2097 1322 2173 nuntium,

295 2190 450 2275 praetoris
472 2188 578 2254 verbis
600 2188 656 2272 qui
677 2187 847 2252 abscedere
871 2209 945 2253 eum
965 2188 1040 2252 inde
1062 2188 1200 2266 iuberet,
1227 2189 1322 2253 misit.

295 2285 491 2349 Boeotorum
505 2283 681 2360 iuventute,
696 2303 778 2366 quae
792 2305 865 2368 pars
876 2304 950 2348 cum
958 2280 1111 2348 Romanis
1122 2283 1236 2361 stabat,
1252 2306 1321 2348 eam
1340 2305 1357 2351 4

294 2400 364 2443 rem
381 2379 551 2463 adgressus
568 2377 693 2461 legatus
712 2399 731 2439 a
749 2377 916 2442 moenibus
930 2377 1093 2441 abscessit.
1120 2376 1200 2442 haec
1217 2376 1321 2442 soluta
1340 2400 1355 2447 5

297 2472 419 2536 obsidio
441 2473 548 2537 locum
570 2471 660 2537 alteri
681 2495 785 2537 novae
803 2471 961 2538 obsidioni
983 2473 1084 2551 dedit3
1111 2494 1250 2557 namque
1268 2497 1323 2540 ex-

296 2566 415 2651 templo
433 2565 481 2628 M.
491 2565 663 2630 Lucretius
681 2587 754 2629 cum
772 2567 914 2631 exercitu
930 2568 1046 2643 navali,
1065 2568 1177 2632 decem
1194 2567 1322 2630 milibus

297 2671 506 2738 armatorum,
534 2660 575 2723 ad
601 2659 662 2723 hoc
685 2660 810 2723 duobus
832 2661 961 2723 milibus
982 2661 1159 2744 regiorum,
1185 2661 1242 2743 qui
1263 2660 1323 2724 sub

296 2755 465 2819 Athenaeo
488 2765 592 2830 erant,
618 2753 802 2817 Haliartum
829 2752 1046 2830 circumsedit,
1073 2753 1323 2838 parantibusque

294 2850 359 2913 iam
374 2870 561 2933 oppugnare
575 2846 757 2932 supervenit
772 2843 925 2912 aCreusa
937 2857 1074 2933 praetor.
1102 2847 1144 2911 ad
1156 2846 1242 2912 idem
1256 2847 1322 2913 fere
1341 2869 1355 2916 a

294 2954 421 3026 tempus
440 2952 472 3006 et
490 2941 530 3005 ab
549 2940 641 3005 sociis
664 2962 762 3005 naves
782 2937 969 3005 Chalcidem
987 2952 1216 3018 convenerunt,
1240 2941 1322 3007 duae

294 3036 438 3101 Punicae
453 3037 708 3120 quinqueremes,
727 3035 810 3101 duae
828 3037 869 3100 ab
879 3037 1038 3101 Heraclea
1056 3059 1096 3101 cx
1108 3036 1214 3102 Ponto
1232 3037 1323 3102 trire-

294 3154 378 3208 mes,
397 3142 547 3215 quattuor
566 3128 786 3208 Chalcedone,
808 3131 941 3196 totidem
960 3129 1075 3209 Samo,
1093 3142 1162 3196 tum
1179 3130 1321 3216 quinque

295 3225 440 3291 Rhodiae
458 3225 685 3309 quadriremes.
729 3226 787 3290 has
805 3237 947 3311 praetor,
975 3226 1050 3310 quia
1072 3248 1231 3309 nusquam
1254 3236 1354 3291 erat?

294 3320 501 3384 maritumum
518 3320 647 3397 bellum,
665 3319 786 3384 remisit
804 3320 907 3384 sociis.
936 3329 968 3384 et
986 3318 1182 3399 Q.Marcius
1193 3317 1322 3382 Chalci-

295 3410 523 3477 dem'navibus
541 3414 628 3477 venit
645 3414 751 3497 Alope
769 3424 877 3498 capta,
900 3412 1030 3489 Larisa,
1053 3432 1137 3494 quae
1157 3408 1322 3475 Cremaste

297 3505 424 3579 dicitur,
441 3505 636 3589 obpugnata.

362 3595 448 3659 Cum
474 3596 526 3658 hic
552 3606 653 3659 status
676 3597 710 3659 in
732 3597 868 3660 Boeotia
895 3606 993 3670 esset,
1019 3594 1158 3657 Perseus
1185 3613 1258 3657 cum
1281 3595 1355 3664 ada

299 3688 481 3765 Sucurium,
496 3689 576 3751 sicut
587 3688 790 3753 antedictum
804 3701 862 3765 cst,
878 3688 993 3753 stativa
1007 3686 1149 3763 haberet,
1163 3687 1321 3753 frumento

297 3783 439 3866 undique
458 3782 542 3845 circa
559 3804 599 3846 ex
617 3782 702 3867 agris
721 3793 873 3847 convecto
879 3830 888 3860 ,
908 3782 949 3846 ad
967 3781 1157 3845 vastandum
1176 3779 1321 3869 [agrum]

296 3879 514 3943 Pheraeorum
530 3876 626 3953 misit,
641 3887 728 3941 ratus
743 3877 784 3941 ad
798 3877 954 3942 iuvandas
971 3877 1130 3941 sociorum
1143 3877 1239 3941 urbes
1252 3877 1321 3944 lon·
1339 3899 1353 3946 9

296 3974 368 4059 gius
379 3998 398 4037 a
408 3972 517 4037 castris
532 3972 707 4036 abstractos
722 3970 918 4057 deprehendi
926 3973 1089 4037 Romanos
1103 3993 1205 4055 posse.
1234 3992 1315 4055 quos
1336 3994 1367 4041 10

296 4089 431 4134 comeo
459 4069 597 4131 tumultu
618 4066 697 4131 nihil
718 4079 822 4131 motos
849 4066 1140 4144 animadvertisset,
1167 4069 1319 4152 praedam

297 4163 426 4244 quidem
442 4174 666 4269 praeterquam
682 4162 899 4227 hominum—
912 4183 1028 4248 pecora
1046 4173 1152 4227 autem
1169 4185 1320 4228 maxume

296 4256 398 4321 omnis
416 4258 541 4342 generis
559 4257 649 4325 fuere
666 4293 710 4304 —-
727 4258 833 4323 divisit
852 4257 893 4324 ad
911 4256 1105 4343 epulandum
1123 4256 1286 4322 militibus.
