3384 4975
1181 388 1207 417 Ι

390 509 453 606 118
513 544 515 549 -
573 520 692 576 amna
708 520 898 589 xxxxnn,
919 519 1030 574 11-13.
1051 520 1234 588 [anasse]

390 679 477 764 quod
495 679 593 761 siqui
609 678 827 763 inrumperent
844 676 959 741 armati
976 675 1122 754 fuissent,
1140 677 1299 762 extemplo
1315 680 1418 766 cepis·

356 795 371 843 9
391 783 469 840 sent.
514 772 575 837 hoc
593 771 648 836 ubi
670 772 848 857 perfectum
866 793 936 836 esse
955 792 1035 856 opus
1057 771 1212 836 militibus
1235 772 1417 838 nuntiatum

390 880 447 944 est,
467 867 637 932 clamorem
655 867 776 932 alacres
793 866 915 953 gaudio
931 876 1063 952 repente
1081 866 1210 944 tollunt,
1235 867 1304 932 aliis
1325 881 1416 954 parte

390 962 450 1026 alia
467 961 501 1025 in
518 961 631 1025 urbem
648 961 834 1047 inrupturis.

241 1109 245 1117 .
355 1079 368 1124 1
451 1055 534 1118 XII.
560 1054 673 1119 Hostis
700 1055 838 1139 primum
860 1053 1028 1118 admiratio
1051 1055 1149 1139 cepit,
1177 1055 1330 1138 quidnam
1356 1056 1417 1120 sibi

353 1171 369 1218 2
387 1149 571 1234 repentinus
589 1149 709 1213 clamor
726 1148 831 1214 vellet.
876 1158 1046 1233 postquam
1069 1159 1178 1232 patere
1195 1149 1307 1215 urbem
1326 1173 1418 1216 acce·

387 1265 462 1328 pere
485 1242 639 1328 praefecti
660 1243 809 1328 praesidii
830 1242 939 1327 Phyto
962 1241 1194 1328 etPhilippus‚
1221 1267 1279 1329 pro
1302 1266 1340 1310 eo
1359 1246 1417 1328 qui

387 1347 578 1422 occupasset
604 1335 737 1422 adgredi
760 1358 841 1422 opus
864 1336 986 1401 factum
1012 1358 1081 1401 esse
1107 1337 1181 1414 rati,
1209 1359 1282 1402 cum
1308 1339 1416 1403 valida

386 1453 486 1495 manu
503 1430 684 1517 Agrianum
701 1431 947 1516 Illyriorumque
970 1442 1156 1516 erumpunt,
1179 1431 1416 1516 Romanosque,

353 1526 445 1610 oqui
469 1525 512 1590 ali
537 1524 665 1592 aliunde
691 1526 821 1590 coibant
847 1525 1184 1608 convocabanturque,
1211 1538 1247 1591 ut
1269 1528 1361 1612 signa
1383 1529 1417 1592 in

386 1619 500 1685 urbem
529 1619 698 1698 inferrent,
725 1619 940 1704 inconpositos
963 1630 1058 1704 atque
1084 1619 1280 1685 inordinatos
1302 1621 1418 1707 fugant

387 1725 658 1800 persecunturque
676 1714 717 1779 ad
734 1714 869 1790 fossam,
891 1712 925 1777 in
943 1736 1040 1796 quam
1059 1716 1228 1800 conpulsos
1251 1715 1344 1780 ruina
1361 1739 1418 1780 ou-

388 1808 520 1873 mulant.
565 1809 701 1874 sescenti
723 1808 823 1874 ferme
846 1807 892 1872 ibi
909 1808 1081 1884 interfecti,
1109 1830 1284 1892 omnesque
1306 1832 1415 1894 prope,

388 1902 444 1986 qui
459 1903 542 1968 inter
559 1925 686 1967 murum
707 1901 891 1986 fossamque
909 1903 1058 1987 deprensi
1075 1913 1181 1980 erant,
1200 1904 1415 1969 vulnerantur.-

277 2033 279 2039 1
352 2020 370 2066 4
387 1998 432 2063 ita
449 2019 508 2063 suo
525 1998 594 2084 ipse
612 2009 729 2063 conatu
751 2000 916 2084 perculsus
938 2009 1067 2083 praetor
1084 1998 1212 2084 segnior
1229 2000 1271 2063 ad
1289 2000 1352 2065 alia
1369 1999 1417 2063 fa·

388 2102 458 2156 ctus
476 2092 608 2157 consilia
626 2103 703 2158 erat.
748 2104 780 2157 et
802 2115 843 2158 ne
861 2091 1001 2157 Eumeni
1020 2092 1164 2176 quidem,
1188 2093 1282 2157 simul
1294 2094 1413 2172 amari,

388 2188 482 2253 simul
508 2211 528 2252 a
554 2199 638 2252 terra
663 2188 875 2274 adgredienti,
906 2188 1079 2272 quicquam
1104 2188 1181 2254 satis
1213 2190 1416 2274 procedebat.

353 2300 369 2347 5
387 2283 507 2366 placuit
524 2283 622 2368 igitur
643 2283 769 2365 utrique
787 2282 939 2348 custodiis
956 2283 1105 2360 firmatis,
1128 2305 1169 2348 ne
1187 2283 1272 2367 quod
1294 2282 1416 2366 praesi-

389 2375 478 2439 dium
493 2399 533 2440 ex
542 2376 734 2441 Macedonia
751 2372 917 2440 intromitti
935 2390 1053 2462 posset,
1071 2377 1222 2461 quoniam
1239 2375 1286 2439 vis
1305 2385 1417 2460 aperta

355 2489 370 2536 6
389 2492 454 2535 non
470 2471 689 2557 processisset,
708 2471 858 2557 operibus
875 2472 1002 2537 moenia
1020 2494 1216 2558 oppugnare.
1260 2470 1339 2535 haec
1357 2494 1416 2554 pa-

387 2567 532 2630 rantibus
549 2566 600 2630 bis
618 2565 728 2630 decem
746 2566 826 2651 regii
848 2566 947 2630 lembi
964 2566 1006 2630 ab
1024 2565 1253 2630 Thessalonica
1271 2587 1343 2627 curn
1361 2564 1418 2628 de-

388 2659 478 2725 lectis
502 2658 673 2726 Gallorum
695 2660 903 2723 auxiliaribus
925 2659 1028 2736 missi,
1056 2681 1129 2723 cum
1151 2658 1186 2721 in
1208 2658 1275 2723 salo
1298 2667 1418 2721 stantes

389 2753 528 2819 hostium
545 2776 644 2819 naves
663 2755 912 2839 conspexissent,
931 2754 992 2838 ipsi
1006 2754 1142 2817 obscura
1160 2763 1262 2828 nocte,
1282 2751 1418 2836 simplici

390 2849 515 2927 ordine,
541 2871 639 2932 quam
656 2862 803 2933 poterant
820 2849 964 2934 proxime
986 2848 1061 2912 litus
1079 2859 1236 2924 tenentes,
1259 2846 1418 2910 intrarunt

356 2964 370 3008 t
390 2943 512 3006 urbem.
539 2944 633 3007 huius
651 2944 725 3007 novi
743 2942 894 3029 praesidii
912 2942 999 3006 fama
1012 2942 1164 3006 absistere
1178 2939 1418 3025 oppugnatione

390 3036 484 3100 simul
501 3036 663 3101 Romanos
685 3060 858 3123 regemque
881 3036 995 3121 coegit.
1041 3035 1244 3100 circumvecti
1266 3056 1420 3118 promun-

356 3130 509 3199 8turium
535 3130 577 3193 ad
602 3132 752 3195 Toronen
779 3133 913 3196 classem
940 3130 1140 3215 appulerunt.
1191 3152 1261 3192 eam
1289 3149 1419 3211 quoque

390 3248 577 3311 oppugnare
600 3227 716 3304 adorti,
743 3227 800 3290 ubi
823 3227 929 3292 valida
952 3225 1081 3291 defendi
1103 3247 1200 3288 manu
1219 3223 1420 3287 animadver-

390 3331 507 3397 terunt,
523 3321 617 3385 inrito
626 3322 752 3406 incepto
762 3320 1003 3385 Demetriadem
1017 3329 1139 3404 petunt.
1166 3318 1294 3381 ibicum
1305 3316 1420 3400 adpro-

389 3413 582 3500 pinquantes
600 3416 721 3501 repleta
738 3414 866 3479 moenia
884 3415 1012 3479 armatis
1027 3413 1191 3489 vidissent,
1208 3410 1421 3497 praetervecti

391 3509 433 3574 ad
450 3510 561 3574 Iolcon
580 3511 713 3575 classem
731 3509 938 3596 appulerunt,
964 3511 1038 3574 inde
1057 3530 1134 3593 agro
1157 3518 1280 3571 vastato
1297 3504 1422 3569 Deme-

392 3602 527 3668 triadem
545 3625 671 3687 quoque
690 3603 882 3688 adgressuri.

359 3719 372 3764 1
455 3696 556 3761 XIII.
582 3698 671 3762 Inter
688 3698 768 3762 haec
787 3708 819 3761 et
837 3697 958 3772 consul,
976 3720 1017 3761 ne
1036 3696 1142 3782 segnis
1157 3693 1281 3758 sederet
1294 3702 1421 3756 tantum

391 3793 425 3856 in
443 3813 521 3877 agro
539 3790 660 3867 hostili,
678 3791 727 3854 M.
745 3790 922 3876 Popillium
941 3814 1013 3856 cum
1031 3792 1172 3875 quinque
1191 3787 1320 3851 milibus
1339 3785 1424 3849 mili-

359 3906 373 3951 2
392 3896 460 3949 tum
479 3884 520 3949 ad
537 3885 733 3950 Meliboeam
751 3885 865 3949 urbem
883 3886 1132 3971 oppugnandam
1150 3881 1256 3946 mittit.
1293 3880 1355 3944 sita
1373 3891 1423 3943 est

391 3979 425 4042 in
438 3978 598 4044 radicibus
609 3976 713 4042 Ossae
727 3980 853 4056 montis,
868 4001 932 4064 qua
946 3989 1035 4064 parte
1049 3978 1082 4041 in
1091 3976 1291 4043 Thessaliam
1306 3974 1422 4058 vergit,

359 4090 373 4138 3
393 4083 570 4157 opportune
587 4072 744 4137 inminens
763 4096 859 4158 super
876 4071 1126 4139 Demetriadem.
1159 4070 1281 4155 primus
1300 4068 1424 4132 adven·

392 4178 443 4231 tus
461 4166 599 4231 hostium
617 4167 751 4251 perculit
768 4168 888 4233 incolas
905 4166 982 4244 loci;
1001 4165 1141 4230 collectis
1160 4162 1274 4228 deinde
1286 4158 1336 4248 [e]
1347 4182 1425 4226 nec·

392 4262 520 4348 opinato
547 4282 666 4348 pavore
695 4261 809 4327 animis
832 4263 1014 4328 discurrunt
1041 4259 1154 4325 armati
1183 4258 1225 4322 ad
1251 4268 1360 4343 portas
1384 4276 1424 4320 ac
