3384 4975
352 517 374 582 6
549 525 666 581 LIBER
682 524 825 593 XXXXI,
845 525 870 579 6.
885 525 909 579 7.
930 528 1005 593 [au.
1015 541 1039 579 c.
1049 525 1109 580 576.
1119 525 1182 596 577]

352 687 482 752 Turdus
498 685 534 748 in
546 682 746 750 contionibus
762 683 940 747 lacerarent
956 683 1219 767 rogationemque
1237 688 1385 770 promul·

352 791 481 867 garant,
512 802 553 844 ne
577 777 721 841 Manlius
752 788 824 861 post
856 775 928 840 idus
955 776 1091 840 Martias
1118 794 1382 865 -prorogatae

351 896 490 958 namque
516 871 699 937 consulibus
724 871 787 934 iam
814 870 847 933 in
874 894 992 934 annum
1018 872 1200 956 prouinciae
1227 887 1318 939 erant
1335 913 1382 925 -

350 972 519 1056 imperium
544 968 709 1043 retineret,
739 967 786 1030 uti
812 989 942 1030 causam
968 968 1128 1051 extemplo
1155 968 1275 1046 dicere,
1303 993 1381 1037 cum

318 1087 333 1133 a
352 1068 469 1132 abisset
485 1064 688 1148 magistratu,
706 1072 828 1146 posset,
851 1061 925 1124 huic
942 1062 1100 1144 rogationi
1119 1061 1160 1142 Q.
1180 1063 1294 1135 Aelius
1312 1067 1381 1129 col-

350 1162 423 1245 lega
451 1158 629 1222 intercessit
654 1156 843 1240 magnisque
871 1155 1124 1219 contentionibus
1151 1156 1304 1236 obtinuit,
1336 1183 1380 1226 ne

349 1253 552 1339 perferretur.

315 1368 332 1415 4
414 1347 480 1410 Per
497 1367 552 1410 eos
575 1344 642 1406 dies
661 1341 711 1406 Ti.
731 1340 939 1426 Sempronius
959 1339 1126 1406 Gracchus
1149 1355 1181 1408 et
1198 1343 1240 1406 L.
1258 1343 1380 1410 Postu-

349 1441 433 1504 mius
450 1438 590 1503 Albinus
608 1460 648 1500 ex
666 1435 824 1519 Hispania
841 1435 979 1500 Romam
998 1458 1071 1500 cum
1089 1437 1307 1515 revertissent,
1325 1462 1378 1505 se·

349 1548 442 1599 natus
459 1534 498 1597 iis
516 1557 536 1596 a
548 1533 597 1595 M.
608 1531 726 1595 Titinio
744 1540 890 1614 praetore
909 1531 1001 1594 datus
1019 1531 1052 1594 in
1070 1531 1148 1595 aede
1162 1531 1316 1596 Bellonae
1334 1534 1378 1598 ad

349 1627 548 1693 disserendas
573 1648 624 1689 res
648 1647 727 1706 quas
749 1625 923 1708 gessissent
944 1626 1215 1709 postulandosque
1237 1626 1376 1693 honores

348 1723 477 1786 meritos
495 1717 557 1805 [et]
575 1729 612 1783 ut
629 1719 688 1781 diis
706 1718 926 1782 inmortalibus
944 1719 1115 1783 haberetur
1132 1719 1242 1783 honos.

315 1835 330 1881 5
412 1815 538 1878 Eodem
564 1824 706 1896 tempore
733 1823 765 1876 et
790 1813 824 1875 in
846 1810 995 1876 Sardinia
1021 1836 1174 1897 magnum
1201 1814 1375 1878 tumultum

349 1932 417 1974 esse
434 1908 533 1973 literis
551 1907 590 1971 Τ.
608 1906 742 1971 Aebutii
760 1907 914 1990 praetoris
933 1906 1096 1991 cognitum
1114 1919 1172 1983 est,
1192 1929 1271 1990 quas
1288 1908 1374 1972 filius

314 2023 328 2069 6
348 2004 415 2068 eius
434 2002 475 2066 ad
493 2012 638 2066 senatum
656 2000 822 2065 adtulerat.
858 2000 992 2065 Ilienses
1009 2002 1165 2065 adiunctis
1184 2003 1373 2065 Balarorum

348 2097 472 2161 auxiliis
495 2107 643 2181 pacatam
664 2095 862 2180 provinciam
883 2095 1065 2160 invaserant
1087 2118 1146 2160 nec
1164 2096 1209 2160 eis
1232 2095 1374 2161 invahdo

228 2273 233 2279 ¹
346 2192 487 2256 exercitu
506 2203 538 2256 et
555 2213 672 2275 magna
689 2202 779 2274 parte
797 2190 977 2274 pestilentia
994 2191 1163 2275 absumpto
1182 2191 1284 2255 resisti
1302 2201 1374 2275 pot·

314 2306 327 2350 7
347 2299 423 2351 erat.
468 2288 581 2352 eadem
599 2298 631 2350 et
650 2285 826 2350 Sardorum
847 2287 946 2370 legati
968 2287 1158 2350 nuntiabant
1175 2297 1318 2363 orantes,
1337 2297 1374 2350 ut

346 2380 479 2443 urbibus
507 2381 619 2443 saltem
639 2415 684 2424 -
709 2379 773 2441 iam
800 2379 885 2442 enim
911 2401 1005 2463 agros
1031 2380 1211 2464 deploratos
1237 2402 1307 2445 esse
1328 2416 1374 2427 —

346 2498 440 2558 opem
467 2485 595 2538 senatus
624 2472 730 2537 ferret.
783 2471 862 2537 haec
887 2472 1005 2558 legatio
1028 2484 1193 2556 totumque
1215 2474 1303 2557 quod
1330 2474 1373 2540 ad

348 2566 530 2633 Sardiniam
548 2568 726 2652 pertinebat
744 2567 785 2630 ad
802 2589 902 2631 novos
920 2568 1123 2653 magistratus
1141 2570 1294 2633 reiectum
1312 2581 1371 2633 est.

311 2682 327 2729 8
408 2664 524 2746 Aeque
541 2662 728 2727 miserabilis
746 2662 865 2747 legatio
873 2663 1059 2747 Lyciorum,
1078 2665 1133 2747 qui
1151 2664 1373 2731 crudelitatem

345 2757 554 2833 Rhodiorum,
564 2758 680 2840 quibus
690 2756 731 2820 ab
740 2757 781 2819 L.
790 2755 940 2822 Cornelio
951 2756 1100 2841 Scipione
1110 2758 1261 2822 adtributi
1269 2770 1370 2833 erant,

312 2852 573 2933 oquerebantur:
600 2851 700 2914 fuisse
728 2851 787 2914 sub
810 2852 935 2916 dicione
957 2852 1123 2929 Antiochi3
1151 2874 1222 2916 eam
1247 2852 1371 2937 regiam

346 2945 530 3007 servitutem
544 2945 701 3006 conlatam
710 2966 784 3007 cum
798 2946 958 3028 praesenti
967 2956 1051 3009 statu
1064 2946 1260 3029 praeclaram
1274 2946 1370 3010 liber-

345 3047 444 3100 tatem
461 3036 571 3099 visam.
615 3059 679 3100 non
697 3037 824 3120 publice
843 3050 967 3103 tantum
982 3061 1014 3103 se
1033 3040 1134 3123 premi
1150 3040 1293 3125 imperio,
1311 3040 1370 3105 sed

295 3147 327 3194 10
345 3130 487 3214 singulos
505 3131 623 3193 iustum
633 3131 709 3213 pati
732 3132 904 3196 servitium.
949 3134 1038 3196 iuxta
1056 3156 1100 3207 se,
1119 3134 1270 3219 coniuges
1288 3134 1368 3199 libe-

344 3244 461 3305 rosque
475 3224 593 3299 vexari,
611 3225 646 3287 in
660 3245 785 3308 corpus,
804 3226 837 3288 in
852 3237 977 3312 tergum
992 3226 1115 3303 saeviri,
1134 3227 1263 3303 famam,
1282 3228 1370 3309 quod
1400 3267 1406 3273 -

342 3318 510 3400 indignum
527 3318 577 3393 sit,
596 3317 749 3380 maculari
765 3318 1028 3402 dehonestarique
1043 3331 1074 3385 et
1091 3322 1197 3405 palam
1215 3342 1264 3383 res
1278 3320 1369 3383 odio-

342 3434 394 3475 sas
416 3412 485 3475 fieri
506 3411 583 3475 iuris
607 3412 702 3475 etiam
723 3413 899 3495 usurpandi
917 3436 1027 3490 causa,
1050 3439 1091 3479 ne
1114 3438 1172 3500 pro
1194 3414 1291 3479 dubio
1309 3413 1368 3477 ha-

344 3508 439 3571 beant
455 3506 534 3569 nihil
550 3506 633 3571 inter
650 3528 685 3569 se
702 3516 735 3570 et
752 3517 884 3590 argento
901 3519 1012 3591 parata
1029 3510 1189 3595 mancipia
1205 3509 1367 3572 interesse.

292 3618 321 3662 11
341 3615 446 3667 motus
467 3602 516 3665 his
540 3612 669 3665 senatus
691 3601 810 3666 litteras
828 3601 939 3685 Lyciis
963 3603 1005 3667 ad
1022 3604 1165 3669 Rhodios
1184 3603 1284 3678 dedit,
1307 3624 1369 3665 nec
1421 3603 1425 3612 ’

341 3696 461 3779 Lycios
484 3695 618 3760 Rhodiis
640 3717 700 3760 nec
727 3695 809 3759 ullos
836 3697 889 3760 alii
911 3698 1074 3781 cuiquam,
1101 3698 1157 3780 qui
1183 3698 1250 3761 nati
1275 3696 1369 3760 liberi

293 3802 323 3846 12
342 3790 418 3866 sint,
440 3789 474 3852 in
492 3790 677 3853 servitutem
696 3789 764 3852 dari
782 3789 921 3872 placere:
945 3790 1065 3875 Lycios
1083 3791 1128 3854 ita
1145 3790 1206 3853 sub
1224 3789 1369 3853 Rhodio-

342 3901 413 3942 rum
439 3883 532 3945 simul
553 3883 686 3966 imperio
709 3893 740 3946 et
762 3883 861 3948 tutela
884 3908 968 3961 esse,
995 3895 1030 3947 ut
1055 3884 1088 3947 in
1109 3882 1233 3945 dicione
1255 3882 1369 3965 populi

342 3971 479 4035 Romani
496 3976 638 4040 civitates
657 3976 760 4040 sociae
780 3978 851 4040 sint.

224 4074 228 4081 '
309 4081 321 4125 1
404 4065 481 4129 Vll.
508 4068 677 4154 Triumphi
695 4070 810 4135 deinde
828 4093 868 4133 ex
881 4069 1039 4152 Hispania
1056 4068 1118 4131 duo
1132 4067 1274 4132 continui
1293 4070 1366 4134 acti.

340 4157 426 4240 prior
449 4156 655 4241 Sempronius
679 4161 846 4227 Gracchus
871 4162 911 4226 de
935 4159 1103 4226 Celtiberis
1127 4162 1284 4246 sociisque
1311 4184 1365 4227 eo-

306 4268 426 4326 arum‚
457 4262 582 4334 postero
610 4254 660 4318 die
688 4255 729 4318 L.
756 4255 943 4320 Postumius
974 4256 1014 4322 de
1039 4255 1203 4321 Lusitanis
1231 4256 1366 4340 aliisque
