3384 4975
379 501 443 568 124
531 513 649 570 nmen
665 461 972 581 xxxxltss‚18.19.
993 512 1243 580 [succensae]

377 672 615 759 magnificentia
631 680 792 737 crescente
809 678 955 734 notatum
973 678 1031 745 est,
1048 668 1132 733 ludis
1150 668 1344 734 circensibus
1362 670 1404 734 P.

380 766 510 833 Corneli
532 765 689 851 Scipionis
712 764 849 830 Nasicae
872 775 903 829 et
923 763 963 827 P.
982 762 1113 827 Lentuli
1135 763 1285 828 aedilium
1307 787 1404 829 curu-

378 863 457 927 lium
483 862 649 945 sexaginta
674 872 737 925 tres
763 859 934 924 Africanas
961 869 993 923 et
1019 857 1232 943 quadraginta
1256 882 1348 924 ursos
1372 873 1405 926 et

379 955 563 1041 elephantos
580 954 702 1019 lusisse.

347 1071 359 1118 1
441 1047 591 1114 XVIIII.
610 1046 651 1111 L.
662 1047 801 1111 Aemilio
810 1045 924 1122 Paulo,
944 1043 982 1110 C.
993 1044 1119 1110 Licinio
1133 1045 1326 1124 consulibus,
1344 1047 1405 1111 idi·

378 1143 439 1207 bus
447 1142 563 1206 Martis
577 1141 731 1226 principio
741 1139 936 1222 insequentis
950 1139 1035 1216 anni,
1054 1162 1127 1204 cum
1140 1140 1173 1203 in
1183 1141 1403 1224 expectatione

378 1247 484 1322 patres
507 1236 655 1312 finissent,
677 1234 815 1299 maxime
837 1233 989 1316 quidnam
1013 1234 1123 1298 consul
1142 1234 1181 1298 de
1199 1234 1402 1311 Macedonia,

379 1331 469 1396 cuius
488 1353 526 1395 ea
542 1328 706 1414 provincia
723 1337 817 1403 esset,
835 1326 977 1403 referret,
995 1327 1075 1390 nihil
1093 1348 1126 1391 se
1145 1327 1262 1393 habere
1278 1327 1401 1392 Paulus

378 1425 466 1508 quod
491 1423 636 1498 referret,
671 1419 783 1506 [cum]
811 1421 953 1485 nondum
982 1419 1081 1505 legati
1106 1421 1275 1499 redissent,
1301 1421 1400 1491 dixit:

345 1531 360 1578 2
380 1529 521 1584 ceterum
541 1515 694 1581 Brundisi
715 1515 838 1601 legatos
861 1514 925 1578 iam
947 1536 1031 1591 esse,
1058 1514 1108 1578 bis
1132 1537 1172 1579 ex
1199 1537 1294 1579 cursu
1314 1515 1403 1599 Dyr-

345 1625 360 1672 3
379 1615 521 1679 rachium
537 1614 680 1679 reiectos.
725 1610 860 1695 cognitis
877 1632 953 1674 mox
970 1631 1052 1692 quae
1071 1610 1159 1674 nosci
1177 1611 1265 1695 prius
1283 1610 1403 1674 iurem

344 1723 361 1769 4
379 1719 472 1783 esset,
490 1708 677 1782 relaturum3
695 1705 730 1770 id
746 1704 815 1768 fore
828 1704 912 1768 intra
926 1725 1102 1789 perpaucos
1117 1705 1194 1770 dies.
1222 1715 1254 1769 et
1271 1703 1404 1786 nequid

378 1801 607 1886 profectionem
629 1823 719 1864 suam
741 1810 877 1875 teneret,
900 1798 1002 1883 pridie
1025 1799 1097 1863 idus
1120 1799 1249 1883 Apriles
1277 1799 1402 1863 Latinis

379 1918 448 1960 esse
467 1897 671 1960 constitutam
688 1895 782 1959 diem.
826 1893 979 1956 sacrificio
997 1893 1056 1957 rite
1074 1893 1218 1978 perfecto
1236 1917 1271 1958 se
1290 1906 1322 1958 et
1340 1890 1401 1958 Cn.

344 1986 566 2064 cOctavium‚
593 1989 687 2053 simul
710 1996 837 2053 senatus
862 1986 1051 2062 censuisset,
1079 1987 1219 2051 exituros
1238 2009 1317 2050 esse.
1363 1985 1402 2050 O.

378 2082 503 2146 Licinio
527 2083 667 2169 collegae
691 2105 749 2146 suo
771 2081 839 2147 fore
862 2103 957 2145 curae
979 2103 1014 2146 se
1037 2080 1184 2158 absente,
1211 2091 1262 2158 ut,
1289 2081 1405 2164 siqua
1450 2100 1452 2104 ·

377 2177 482 2260 parari
490 2176 613 2242 mittive
623 2176 664 2241 ad
672 2176 706 2240 id
719 2175 838 2240 bellum
847 2197 929 2260 opus
939 2174 989 2250 sit,
998 2186 1149 2259 parentur
1162 2177 1403 2258 mittanturque.

377 2271 497 2335 interea
514 2271 689 2356 legationes
707 2279 887 2335 exterarum
905 2268 1070 2332 nationum
1087 2268 1190 2333 audiri
1207 2291 1310 2354 posse.

246 2426 248 2428 ,
344 2379 359 2424 6
441 2364 543 2427 Primi
559 2363 770 2429 Alexandrini
791 2362 889 2447 legati
912 2362 953 2426 ab
970 2361 1157 2428 Ptolemaeo
1182 2374 1213 2428 et
1232 2361 1405 2450 Cleopatra

345 2458 508 2543 inregibus
525 2457 628 2523 vocati
646 2469 729 2522 sunt.
757 2456 920 2533 sordidati,
937 2456 1038 2522 barba
1056 2468 1088 2522 et
1105 2457 1218 2542 capillo
1236 2458 1403 2543 promisso,

378 2562 452 2618 cuni
469 2553 564 2618 ramis
582 2554 670 2618 oleae
693 2551 829 2639 ingressi
851 2552 972 2616 curiam
994 2552 1232 2637 procubuerunt
1249 2566 1281 2632 et
1302 2554 1403 2618 oratio

344 2659 359 2709 8
379 2670 475 2731 quam
497 2648 624 2712 habitus
650 2648 711 2712 fuit
736 2647 954 2712 miserabilior.
999 2646 1179 2711 Antiochus
1199 2647 1312 2732 Syriae
1333 2671 1401 2724 rex,

377 2742 433 2824 qui
450 2742 542 2807 obses
559 2742 680 2808 Romae
704 2741 824 2818 fuerat,
851 2765 908 2826 per
929 2741 1251 2827 honestamspeciem
1274 2743 1402 2807 maioris

377 2836 555 2901 Ptolemaei
569 2837 762 2901 redducendi
779 2837 813 2902 in
827 2859 963 2921 regnum
981 2836 1101 2900 bellum
1116 2858 1188 2901 cum
1203 2838 1323 2917 minore
1337 2837 1403 2901 fra·

344 2941 359 2989 9
379 2940 425 2994 tre
444 2929 512 2995 eius
525 2930 579 3013 qui
594 2941 662 2993 tum
676 2931 904 2996 Alexandriam
922 2930 1050 2995 tenebat
1067 2952 1192 3015 gerens,
1210 2942 1241 2995 et
1256 2932 1404 2997 adPelu-

378 3021 461 3085 sium
478 3022 584 3086 navali
601 3023 720 3106 proelio
731 3021 904 3109 [superior]
914 3023 1019 3089 fuerat
1036 3034 1068 3088 et
1085 3026 1291 3089 tumultuario
1306 3048 1402 3111 opere

377 3126 474 3199 ponte
497 3138 555 3200 per
571 3116 681 3180 Nilum
703 3117 788 3183 facto
811 3130 1028 3203 transgressus
1051 3140 1124 3183 cum
1151 3121 1291 3184 exercitu
1316 3120 1402 3184 obsi-

377 3208 471 3273 dione
484 3209 587 3294 ipsam
596 3211 833 3276 Alexandream
846 3211 985 3277 terrebat
998 3233 1057 3277 nec
1071 3213 1183 3298 procul
1198 3213 1310 3278 abesse
1324 3215 1403 3296 quin

327 3318 359 3365 10
376 3312 538 3388 poteretur
558 3327 658 3389 regno
676 3306 913 3390 opulentissimo
937 3306 1114 3398 videbatur.
1151 3329 1190 3371 ea
1207 3307 1305 3393 legati
1323 3328 1403 3390 que·

376 3406 481 3462 rentes
493 3398 629 3462 orabant
642 3410 797 3476 senatum,
814 3411 850 3463 ut
864 3421 957 3484 opem
970 3421 1069 3484 regno
1083 3399 1277 3484 regibusque
1291 3399 1403 3465 amicis

326 3506 356 3553 11
376 3491 509 3577 imperio
527 3492 658 3559 ferrent:
678 3516 716 3558 ea
732 3494 844 3559 merita
862 3493 972 3579 populi
989 3494 1127 3559 Romani
1144 3495 1178 3559 in
1192 3496 1402 3572 Antiochum,

376 3609 447 3651 eam
471 3599 547 3673 aput
565 3610 675 3652 omnes
697 3611 788 3673 reges
811 3600 986 3675 gentesque
1010 3590 1230 3654 auctoritatem
1249 3613 1334 3666 esse,
1356 3602 1403 3665 ut,

377 3679 404 3743 si
421 3681 544 3765 legatos
562 3681 722 3746 misissent
738 3683 795 3766 qui
812 3684 1035 3749 denuntiarent
1045 3706 1116 3747 non
1134 3686 1260 3769 placere
1279 3685 1404 3749 senatui

376 3774 469 3837 sociis
487 3775 617 3859 regibus
636 3776 755 3840 bellum
772 3778 855 3855 fieri,
879 3778 1038 3863 extemplo
1057 3777 1261 3843 abscessurus
1280 3803 1300 3843 a
1316 3801 1405 3843 moe·

376 3865 471 3930 nibus
488 3868 712 3935 Alexandreae
735 3870 997 3953 abducturusque
1020 3869 1194 3935 exercitum
1214 3872 1248 3936 in
1274 3871 1402 3957 Syriam

326 3969 358 4017 12
377 3967 469 4019 esset.
514 3961 600 4045 quod
627 3962 655 4026 si
677 3974 866 4028 cunctentur
888 3964 1007 4040 facere,
1033 3962 1124 4027 brevi
1142 3975 1282 4031 extorres
1299 3987 1401 4051 regno

375 4048 596 4118 Ptolemaeum
605 4069 637 4121 et
647 4054 851 4142 Cleopatram
859 4058 996 4123 Romam
1011 4067 1171 4135 venturos,
1190 4082 1263 4124 cum
1277 4061 1401 4145 pudore

377 4140 516 4225 quodam
541 4149 652 4232 populi
673 4150 824 4229 Romani,
853 4150 940 4235 quod
964 4150 1084 4215 nullam
1109 4164 1202 4236 opem
1229 4154 1261 4218 in
1289 4154 1401 4219 ultimo

325 4254 358 4304 1³
377 4232 557 4306 discrimine
583 4240 783 4310 fortunarum
809 4246 964 4311 tulissent.
1016 4245 1095 4309 moti
1119 4258 1225 4332 patres
1251 4248 1401 4334 precibus
