3384 4975
497 541 618 600 ursus
635 543 791 612 xxxxv,
810 542 922 596 aare.
941 541 1096 610 [saror]
1249 530 1315 596 169

282 703 427 772 Rhodios
454 702 591 768 nonita
616 701 745 766 meritos
763 697 809 764 'eo
837 699 937 775 bello,
968 708 1004 762 ut
1031 698 1205 765 amicorum
1231 698 1312 789 [ac]

285 801 444 866 sociorum
461 818 594 863 numero
612 794 751 860 habendi
769 794 841 860 sint.
872 794 922 858 his
940 793 1055 859 auditis
1073 806 1311 879 prostraverunt
1329 815 1347 863 s

284 916 319 960 se
345 914 456 958 omnes
483 890 587 966 humi,
619 888 844 972 consulemque
871 899 903 952 et
934 898 1065 953 cunctos
1097 889 1154 971 qui
1169 890 1312 968 ¹aderant
1363 966 1366 977 ‚

283 997 426 1060 orantes,
452 1005 494 1048 ne
519 1005 604 1048 nova
628 982 773 1067 falsaque
796 981 928 1046 crimina
949 981 1021 1067 plus
1044 981 1155 1048 obesse
1177 982 1313 1048 Rhodiis

284 1101 398 1144 aecum
413 1089 578 1143 censerent
591 1098 688 1165 quam
701 1077 833 1160 antiqua
844 1075 968 1152 merita,
987 1097 1124 1160 quorum
1135 1077 1198 1162 ipsi
1215 1087 1311 1143 testes

284 1182 400 1237 essent.
428 1172 588 1257 extemplo
605 1181 694 1235 veste
712 1169 840 1235 sordida
858 1179 986 1255 sumpta
1004 1168 1115 1235 domos
1131 1171 1312 1256 principum
1331 1191 1367 1238 ro

284 1288 359 1331 cum
382 1266 530 1351 precibus
554 1287 592 1329 ac
612 1265 752 1330 lacrimis
770 1264 981 1330 circumibant
999 1275 1139 1342 orantes,
1165 1275 1203 1330 ut
1222 1265 1311 1352 prius

283 1369 514 1444 cognoscerent
532 1380 662 1423 causam
679 1379 777 1441 quam
795 1357 1053 1424 condemnarent.

216 1449 218 1453 ’
348 1452 450 1517 XXI.
477 1453 537 1516 Μ’.
547 1453 713 1518 Iuventius
723 1453 850 1517 Thalna
866 1463 1003 1538 praetor,
1022 1453 1112 1518 ouius
1129 1453 1212 1520 inter
1225 1453 1311 1520 cives
1330 1471 1344 1518 1

285 1558 319 1611 et
334 1547 519 1632 peregrinos
536 1546 711 1612 iurisdictio
730 1557 807 1624 erat,
825 1547 981 1632 populum
999 1546 1151 1612 adversus
1168 1548 1312 1614 Rhodios

283 1641 451 1718 incitabat,
469 1642 731 1728 rogationemque
747 1642 1021 1727 promulgaverat,
1040 1653 1076 1706 ut
1092 1642 1227 1707 Rhodiis
1245 1642 1312 1707 bel·
1331 1661 1349 1707 2

284 1734 354 1799 lum
370 1734 573 1813 indiceretur,
591 1747 623 1801 et
636 1759 677 1801 ex
694 1735 933 1821 magistratibus
946 1736 1015 1802 eius
1034 1737 1108 1800 anni
1126 1737 1311 1822 deligerent,

285 1828 342 1911 qui
360 1830 401 1892 ad
421 1828 457 1893 id
478 1830 598 1894 bellum
615 1852 689 1896 oum
707 1831 808 1895 classe
825 1831 1018 1906 mitteretur,
1036 1854 1070 1896 se
1088 1853 1163 1896 eum
1181 1854 1311 1917 sperans

283 1924 431 1987 futurum
454 1946 534 1988 esse.
578 1925 653 1989 huic
677 1925 793 1990 actioni
809 1911 859 1988 M.
877 1925 1038 1990 Antonius
1056 1937 1088 1990 et
1104 1925 1153 1989 M.
1171 1927 1312 2013 Pompo·
1331 1941 1350 1988 3

284 2017 358 2081 nius
381 2017 501 2081 tribuni
521 2016 624 2101 plebis
648 2018 907 2082 adversabantur.
953 2019 1058 2084 sedet
1079 2031 1206 2103 praetor
1227 2042 1312 2084 novo
1330 2035 1348 2082 4

286 2111 435 2194 maloque
449 2111 595 2194 exemplo
608 2131 676 2176 rem
693 2111 856 2196 ingressus
870 2121 947 2187 erat,
966 2113 1052 2194 quod
1068 2132 1133 2176 non
1149 2128 1222 2177 ante
1238 2135 1313 2177 con-

286 2204 371 2269 sulto
398 2213 525 2281 senam,
556 2227 621 2269 non
647 2204 830 2269 consulibus
857 2205 1043 2270 certioribus
1070 2206 1162 2270 factis
1189 2206 1228 2270 de
1255 2228 1314 2270 sua

285 2299 381 2363 unius
412 2299 569 2364 sententia
598 2299 797 2384 rogationem
830 2299 942 2376 ferret,
978 2299 1096 2364 vellent
1126 2299 1313 2366 iuberentne

285 2392 421 2457 Rhodiis
442 2392 563 2458 bellum
584 2392 698 2470 indici,
725 2416 799 2458 cum
818 2403 913 2459 antea
930 2415 1055 2479 semper
1076 2394 1165 2480 prius
1184 2403 1349 2459 senatus5

288 2487 329 2551 de
346 2488 430 2552 bello
448 2489 610 2553 consultus
629 2499 726 2566 esset,
750 2489 865 2553 deinde
884 2487 940 2575 [ex
964 2487 1166 2575 auctoritate]
1184 2500 1312 2574 patrum

287 2580 330 2645 ad
351 2582 506 2666 populum
522 2581 638 2657 latum,
665 2592 697 2646 et
719 2583 838 2647 tribuni
860 2583 977 2666 plebis,
1004 2605 1078 2647 cum
1098 2584 1145 2646 ita
1162 2582 1313 2647 traditum
1331 2598 1349 2644 6

287 2686 386 2750 esset,
410 2673 539 2757 nequis
562 2675 650 2758 prius
668 2674 878 2740 intercederet
895 2676 960 2760 legi
977 2698 1075 2759 quam
1092 2676 1223 2760 privatis
1241 2697 1314 2739 sua·

287 2767 386 2833 dendi
403 2767 671 2851 dissuadendique
693 2770 799 2854 legem
820 2778 960 2854 potestas
984 2770 1070 2834 facta
1088 2779 1185 2845 esset,
1212 2791 1314 2854 eoque

286 2885 442 2948 persaepe
465 2863 637 2940 evenisset,
663 2874 699 2927 ut
721 2874 753 2928 et
775 2863 831 2947 qui
854 2885 918 2929 non
939 2864 1074 2951 professi
1092 2873 1198 2929 essent
1214 2887 1248 2929 se
1265 2864 1314 2927 in·

286 2969 496 3033 tercessuros‚
524 2956 752 3022 animadversis
773 2957 847 3022 vitis
869 2959 950 3043 legis
969 2981 1009 3023 ex
1027 2958 1168 3023 oratione
1191 2957 1315 3022 dissua-

288 3051 430 3114 dentium
443 3050 684 3128 intercederent,
703 3052 805 3135 etqui
820 3052 862 3116 ad
879 3051 1139 3118 intercedendum
1154 3052 1314 3118 venissent
1333 3073 1348 3121 7
1409 3097 1412 3102 -

288 3146 476 3211 desisterent
497 3147 573 3211 victi
595 3147 837 3212 auctoritatibus
860 3149 1061 3214 suadentium
1087 3150 1202 3234 legem.
1246 3160 1315 3213 tum

286 3240 370 3305 inter
392 3252 570 3325 praetorem
593 3242 800 3326 tribunosque
824 3243 930 3308 omnia
951 3243 1172 3329 intempestive
1199 3242 1316 3328 agendi

289 3344 448 3398 certamen
466 3346 549 3411 erat3
573 3336 693 3401 tribuni
714 3336 950 3403 festinationem
971 3339 1126 3423 praetoris
1144 3349 1217 3402 ante
1235 3347 1315 3401 tem·
1333 3353 1350 3400 8

286 3449 349 3512 pus
366 3427 591 3492 intercedendo
610 3427 635 3515 [
646 3477 654 3493 .
667 3428 692 3513 .]
710 3430 744 3493 in
762 3431 935 3495 adventum
952 3432 996 3494 im
1009 3430 1031 3514 [.
1042 3478 1051 3494 .
1061 3430 1085 3515 .]

353 3519 472 3583 XXII.
494 3518 578 3604 [....]
598 3529 670 3598 ‘est,
688 3523 967 3606 peccaverimusne
986 3522 1090 3586 adhuc
1109 3521 1242 3584 dubium
1257 3529 1315 3596 est,
1335 3539 1348 3584 1

288 3631 424 3696 poenas,
446 3611 637 3695 ignominias
655 3634 764 3677 omnes
787 3614 852 3677 iam
869 3615 1017 3699 patimur.
1053 3624 1161 3689 antea,
1181 3610 1316 3677 Cartha-

288 3703 488 3789 giniensibus
519 3704 627 3781 victis,
654 3706 821 3792 Philippo,
851 3707 1012 3771 Antiocho
1038 3706 1210 3792 superatis,
1243 3727 1317 3769 cum

288 3798 428 3864 Romam
446 3798 654 3877 venissemus,
672 3822 712 3879 ex
728 3801 858 3885 publico
872 3801 1008 3886 hospitio
1022 3801 1056 3866 in
1070 3800 1189 3865 curiam
1207 3809 1317 3884 gratu-

288 3893 391 3959 latum
408 3892 510 3970 vobis,
527 3903 634 3978 patres
652 3894 831 3982 conscripti,
850 3919 890 3961 ex
908 3896 996 3963 curia
1013 3898 1047 3962 in
1062 3894 1257 3980 Capitolium
1274 3891 1315 3958 ad

289 3988 368 4052 deos
391 3998 513 4052 vestros
531 3988 616 4053 dona
637 3988 790 4070 ferentes,
816 4012 903 4056 nunc
921 4014 961 4056 ex
983 3990 1111 4056 sordido
1133 3987 1315 4065 diversorio,
1335 4008 1350 4055 2

288 4081 345 4145 vix
361 4082 509 4147 mercede
526 4084 655 4169 recepti,
673 4106 711 4150 ac
728 4106 828 4171 prope
845 4086 984 4151 hostium
998 4106 1086 4150 more
1100 4094 1190 4150 extra
1203 4081 1315 4148 urbem

289 4197 419 4241 manere
436 4176 532 4255 iussi,
550 4178 584 4242 in
601 4177 662 4244 hoc
681 4181 827 4263 squalore
844 4180 990 4246 venimus
1007 4182 1042 4245 in
1059 4178 1179 4245 curiam
1196 4177 1316 4242 Roma-

289 4289 367 4336 nam
383 4269 517 4352 Rhodii,
544 4294 625 4360 quos
646 4275 818 4361 provinciis
840 4299 944 4363 nuper
965 4276 1069 4363 Lycia
1091 4284 1186 4358 atque
1210 4268 1319 4345 Caria,
