3384 4975
422 529 642 588 PERIOCHAE
659 528 862 587 IABRORUM
879 527 961 586 LXV
962 528 1116 586 ll-LXV
1115 528 1184 584 1111.
1258 512 1320 578 207

296 666 1323 807 tlttzlttttttltttllttbtttttttlttttttttt

296 760 354 865 nod
387 825 462 875 osse,
477 806 635 876 aBoiorige
647 804 735 860 feroci
747 775 846 859 invede
856 803 963 858 occisus
973 808 1023 858 est.
1051 802 1087 857 ab
1094 800 1185 858 isdem
1194 802 1323 857 hostibus

297 878 347 934 Cn.
393 876 484 932 aulius
502 873 600 928 consul
617 877 646 928 et
660 870 693 936 Q.
709 870 841 928 Servilius
855 867 960 942 Caepio
974 871 1123 942 proconsul
1136 871 1203 925 victi
1214 870 1321 940 proelio
1370 903 1373 908 ,

296 947 396 1001 castris
406 959 516 1015 quoque
525 941 598 996 binis
607 941 683 995 exuti
691 946 763 1010 sumt,
773 939 893 994 militum
901 939 979 994 milia
988 939 1132 1010 octoginta
1141 938 1322 1007 occisaoalo-

296 1031 364 1068 num
382 1018 411 1068 et
427 1011 546 1065 lixarum
577 1009 760 1080 uadraginta,
777 1009 930 1064 secundum
941 1007 1135 1062 Arausionem.
1162 1005 1321 1077 Caepionis,

297 1081 376 1136 cuius
390 1079 546 1134 temeritate
605 1077 654 1132 des
668 1082 785 1147 accepta
794 1083 863 1145 erat,
878 1076 1002 1130 damnati
1010 1075 1087 1130 bona
1115 1075 1239 1129 ublicata
1248 1081 1320 1142 sunt,

297 1145 382 1215 primi
438 1153 516 1201 stre
537 1162 581 1200 em
599 1145 796 1214 Tarquinium,
818 1144 1020 1215 imperiumque
1038 1144 1065 1198 ci
1083 1092 1257 1215 abrogatum.
1292 1142 1323 1195 in

297 1163 437 1286 triumpdd
451 1215 482 1270 C.
527 1214 568 1268 ari
585 1213 684 1267 ductus
702 1219 768 1268 ante
785 1230 896 1268 currum
914 1212 974 1267 eius
987 1212 1124 1283 Iugurtha
1137 1228 1200 1266 cum
1214 1211 1323 1265 duobus

296 1283 364 1340 filiis
378 1289 407 1340 et
420 1284 572 1337 incarcere
580 1286 697 1337 necabis
706 1287 757 1336 est.
784 1280 891 1336 Marius
899 1280 1062 1350 triumphali
1070 1284 1147 1335 veste
1157 1281 1186 1333 in
1195 1284 1323 1334 senatum

295 1353 384 1421 venit,
400 1351 475 1422 quod
487 1367 570 1405 nemo
584 1354 649 1404 ante
658 1349 850 1418 cumfecerat,
865 1349 947 1420 eique
955 1354 1071 1419 propter
1078 1353 1182 1402 metum
1191 1345 1323 1403 Cimbrici

295 1421 365 1476 belli
379 1420 558 1474 continuatus
571 1434 623 1487 per
636 1418 783 1488 conplures
797 1433 886 1472 annos
904 1423 948 1473 cst
960 1417 1129 1472 consulatus.
1158 1415 1280 1472 secundo
1294 1421 1323 1470 et

295 1488 381 1544 tertio
400 1486 502 1542 absens
518 1485 616 1542 consul
633 1492 756 1556 oreatus,
795 1491 905 1540 nartum
922 1485 1097 1541 consulatum
1116 1484 1323 1539 dissimulanter

296 1573 331 1612 ca
350 1562 415 1611 tans
432 1559 597 1611 consecutus
615 1559 666 1609 est.
702 1553 752 1610 Cn.
802 1555 913 1608 omitius
929 1552 1056 1625 pontifex
1072 1554 1208 1608 maximus
1245 1551 1322 1623 opuli

297 1643 310 1680 s
366 1625 429 1696 agio
443 1628 554 1679 creatus
567 1628 617 1678 est.
645 1621 751 1678 Cimbri
763 1622 880 1677 vastatis
889 1622 1028 1691 omnibns,
1043 1637 1115 1691 quae
1128 1623 1201 1676 inter
1255 1621 1322 1675 oda·

295 1711 363 1748 num
372 1692 663 1815 &Pyrenaeum-sun&
673 1708 724 1813 per
733 1691 835 1746 saltum
843 1690 1044 1760 inHispaniam
1052 1688 1323 1770 transgressiibique

295 1762 385 1816 multa
393 1762 456 1815 loca
463 1760 599 1831 populati,
611 1776 629 1814 a
662 1777 677 1815 e
689 1759 787 1817 tiberis
795 1759 888 1831 fugati
897 1764 974 1828 sunt3
991 1775 1150 1830 reversique
1159 1758 1188 1812 in
1198 1754 1322 1815 Gelham

296 1831 325 1884 in
333 1829 403 1886 belli
411 1845 493 1884 casus
502 1844 532 1883 se
542 1827 677 1883 Teutonis
686 1828 895 1884 coniunxerunt.

698 1908 808 1948 extis.
823 1908 921 1954 nxvru.

348 1964 386 2019 M.
400 1962 540 2019 Antonius
557 1968 670 2035 praetor
687 1964 716 2018 in
729 1963 858 2020 Ciliciam
875 1964 1028 2018 maritimos
1046 1963 1201 2035 praedones
1220 1961 1261 2034 (id
1279 1966 1323 2016 est

316 2033 414 2104 iratas)
431 2038 593 2103 persecutus
607 2038 657 2086 est.
690 2031 721 2086 C.
735 2030 840 2086 Marius
855 2033 951 2086 consul
965 2048 1072 2086 summa
1085 2032 1113 2085 vi
1126 2047 1162 2101 op
1183 2035 1290 2109 ugnata
1304 2047 1322 2084 a

324 2101 433 2157 entonis
446 2105 475 2156 ct
487 2099 676 2155 Ambronibus
690 2106 784 2154 castra
800 2099 934 2155 defendit.
962 2100 1070 2154 dnobus
1089 2099 1154 2154 dein
1174 2115 1190 2154 e
1207 2098 1322 2168 proeliis

296 2169 372 2225 circa
379 2170 477 2248 Aquas
487 2166 596 2223 Sextias
610 2169 721 2223 eosdem
733 2168 827 2223 hostes
836 2168 953 2235 delevit,
968 2167 997 2222 in
1025 2168 1107 2222 uibus
1116 2167 1321 2222 cassatradun·

295 2238 471 2293 turhostrum
479 2236 601 2292 ducenta
609 2236 699 2304 milia,
715 2241 800 2306 capta
807 2237 971 2308 nonaginta.
1062 2235 1103 2288 'us
1113 2234 1213 2290 absens
1225 2235 1321 2304 quinto

295 2306 394 2361 consul
406 2311 516 2361 creatus
529 2309 580 2360 cst
606 2304 777 2375 triumphum
791 2304 918 2359 oblatum
927 2305 1016 2359 donec
1025 2309 1055 2360 et
1062 2303 1189 2359 Cimbros
1197 2302 1323 2358 vinceret

239 2421 242 2427 ,
285 2373 412 2444 ,distulit
440 2372 544 2428 Cimbri
559 2390 622 2428 cum
634 2373 746 2443 repulso
760 2373 797 2428 ab
805 2373 927 2444 Alpibus
940 2373 1095 2445 fugatoque
1105 2371 1139 2436 Q.
1150 2370 1250 2427 Catulo
1258 2387 1321 2442 pro·

295 2441 423 2511 consule,
442 2441 491 2513 qui
507 2441 603 2497 fauces
620 2441 736 2512 Alpium
753 2441 903 2499 obsederat
919 2441 1077 2513 flumenque
1095 2440 1223 2496 Athesim
1242 2443 1267 2509 [.
1278 2479 1284 2493 .
1297 2443 1320 2509 .]

296 2511 443 2566 castellum
453 2510 557 2565 editum
566 2509 708 2565 insederat
716 2510 901 2583 relinqueret,
916 2527 988 2581 quae
1002 2516 1097 2567 tamen
1104 2510 1206 2565 virtute
1216 2526 1268 2564 sua
1277 2525 1322 2564 ex·

295 2578 403 2701 plicata
423 2576 577 2648 fugientem
598 2578 791 2648 proconsulem
815 2579 1020 2649 exercitumque
1042 2584 1193 2633 consecuta
1214 2582 1269 2657 est,
1292 2576 1323 2630 in

311 2647 409 2702 taliam
421 2645 608 2713 traiecissent,
625 2646 728 2701 iunctis
741 2647 865 2702 eiusdem
880 2647 973 2702 Catuli
986 2652 1014 2702 et
1027 2645 1058 2703 C.
1068 2645 1142 2701 Mari
1156 2644 1323 2701 exercitrbus

295 2714 403 2787 proelio
416 2714 483 2768 victi
497 2718 574 2783 sunt3
591 2714 621 2767 in
635 2729 690 2784 quo
704 2731 788 2769 caesa
796 2715 945 2770 traduntur
953 2716 1072 2769 hostium
1081 2718 1193 2769 centum
1202 2713 1321 2784 quadra·

295 2783 377 2854 ginta
388 2781 479 2848 milia,
494 2788 579 2904 capta
592 2782 746 2854 sexaginta
772 2782 880 2838 Marius
892 2783 977 2838 totius
991 2783 1111 2837 civitatis
1125 2798 1263 2838 consensu
1276 2798 1322 2836 cx-

296 2858 403 2933 ceptus,
417 2867 468 2921 pro
478 2850 533 2905 dno
553 2851 751 2922 ustriumphis,
766 2852 815 2922 qui
823 2851 1022 2920 offerebantur,
1037 2867 1093 2906 uno
1103 2855 1249 2906 contentus
1258 2849 1320 2905 fuit.

272 2970 275 2976 .
295 2937 429 2992 primores
438 2917 571 2988 civitatis,
587 2919 634 2989 qni
644 2919 670 2975 ei
680 2920 844 2990 aliquandiu
853 2926 885 2975 ut
893 2938 964 2975 novo
973 2920 1078 2974 homini
1088 2920 1124 2974 ad
1133 2923 1227 2974 tantos
1235 2918 1322 2973 hono·

294 3006 340 3044 res
350 2994 446 3044 evecto
455 2987 625 3056 inviderant,
640 2994 833 3045 conservatam
842 2988 879 3044 ab
889 3006 922 3045 eo
932 3006 990 3045 rem
999 2988 1142 3059 publicam
1151 2986 1321 3042 fatebantur.

295 3056 440 3111 Publicius
458 3055 606 3111 Malleolus
627 3063 717 3112 matre
739 3057 834 3112 occisa
854 3058 959 3129 primns
982 3058 1012 3111 in
1030 3057 1150 3111 culleum
1166 3055 1274 3111 insutus
1292 3055 1321 3109 in

295 3124 1324 3264 ttt.tttttttt⁸tt.tttttmttttffltzittssttlt‘ttt

298 3258 396 3331 Syriae
405 3277 487 3331 reges
495 3266 577 3332 gesta
587 3262 719 3317 continet.
831 3234 838 3264 ’

697 3341 807 3381 uxum.
820 3341 930 3384 n1v1111.

347 3393 381 3448 L.
391 3395 528 3465 Apuleius
534 3394 872 3519 ‘Saturninusbadiuvante
882 3399 913 3454 C.
923 3397 1013 3453 Mario
1023 3403 1052 3453 et
1060 3414 1111 3467 per
1119 3396 1221 3452 milites
1230 3395 1323 3451 occiso

296 3464 332 3517 A.
342 3462 454 3518 Nunnio
463 3465 653 3534 competitore,
666 3466 703 3518 tri
723 3482 794 3519 unus
802 3465 895 3534 plebis
903 3483 954 3535 per
964 3466 1152 3534 vimcreatus,
1166 3481 1223 3519 non
1231 3464 1323 3517 minus

296 3530 433 3586 violenter
445 3530 619 3586 tribunatum
633 3548 718 3602 quam
751 3533 852 3588 eticrat
865 3534 953 3605 gessit
967 3538 995 3588 et
1007 3549 1070 3587 cum
1079 3534 1171 3603 legem
1180 3531 1322 3603 agrariam

296 3616 347 3720 per
364 3598 419 3652 vim
436 3599 559 3667 tulisset,
578 3599 694 3655 Metello
734 3600 870 3669 umidico,
890 3601 965 3671 quod
983 3602 1012 3655 in
1027 3617 1089 3656 eam
1102 3617 1159 3654 non
1172 3600 1321 3667 iuraverat,

316 3666 370 3722 iem
379 3667 456 3720 dixit
476 3667 523 3747 qui
533 3684 595 3721 eum
605 3685 622 3723 a
631 3668 712 3722 bonis
721 3667 829 3722 civibus
838 3668 1043 3738 defenderetur,
1054 3686 1090 3723 ne
1100 3667 1322 3723 causaoertami·

295 3752 363 3790 num
380 3739 466 3804 esset,
485 3752 515 3789 m
532 3736 644 3791 exilium
656 3736 841 3790 voluntarium
854 3736 984 3791 Rhodum
997 3736 1139 3808 profectus
1154 3742 1208 3805 est,
1227 3735 1323 3805 ibique

295 3803 417 3925 leffind‘)
430 3809 459 3859 et
468 3802 607 3859 audiendo
616 3820 733 3876 magnos
741 3804 815 3859 viros
824 3806 1003 3861 avocabatur.
1029 3805 1155 3887 proiecto
1165 3804 1196 3859 C.
1207 3804 1321 3872 Marius,

295 3888 325 3927 se
348 3871 439 3926 'tionis
453 3878 563 3941 auctor,
577 3873 624 3953 qui
637 3877 744 3928 sextum
757 3874 932 3929 consulatum
961 3892 1060 3930 eeuma
1068 3892 1119 3944 per
1127 3874 1216 3928 tribus
1226 3889 1322 3943 sparsa

295 3945 402 3995 emerat
421 3957 438 3995 a
457 3940 761 4013 nactignrinterdixit.
785 3941 895 3997 idemA
946 3944 1006 3999 eius
1017 3943 1184 3999 Saturninus
1194 3942 1322 3996 tribunus

294 3958 596 4090 plebisCffiemm
609 4008 790 4090 candidatum
803 4027 870 4065 cons
901 4017 977 4080 atus,
1012 4013 1124 4067 uoniam
1134 4009 1322 4067 adversarium

295 4093 359 4157 eum
369 4077 524 4157 actvombus
533 4094 591 4132 suis
598 4077 725 4147 timebat,
732 4079 841 4133 occidit.
861 4081 961 4150 quibus
970 4029 1053 4136 redum
1063 4080 1201 4135 concitato
1213 4084 1320 4145 senatu,

295 4161 413 4200 memus
422 4162 536 4201 causam
545 4152 574 4202 et
583 4144 613 4202 C.
624 4145 741 4208 Marius,
756 4148 838 4201 homo
847 4148 917 4203 varii
927 4155 955 4203 et
963 4149 1106 4204 mutabilis
1116 4148 1222 4221 ingenii
1232 4147 1321 4201 consi·

295 4212 380 4284 liique
389 4230 498 4285 semper
506 4215 657 4272 secundum
665 4214 806 4270 fortunam
830 4215 992 4284 transierat,
1007 4234 1155 4340 oppressus
1164 4216 1321 4272 armiscum

297 4277 417 4337 Glaucia
425 4289 554 4354 praetore
563 4289 592 4341 et
602 4282 665 4339 aliis
674 4284 798 4340 eiusdem
852 4284 906 4340 oris
918 4285 1017 4354 [socis]
1047 4286 1321 4358 elloquodaminter·
1348 4337 1352 4344 .
