3384 4975
401 516 465 582 120
623 526 740 583 amna
757 501 942 596 xXxxnn,
961 525 1003 579 14.
1022 527 1207 596 [111111]

401 658 604 772 Transalpini
619 685 660 747 ab
673 685 789 768 regulo
797 681 964 748 Gallorum
974 683 1163 748 -Balanos
1178 684 1278 770 ipsius
1293 688 1431 754 traditur

400 803 530 856 nomen,
549 777 652 864 gentis
671 800 711 841 ex
728 799 793 860 qua
810 777 908 841 fuerit
924 800 989 841 non
1006 779 1141 842 traditur
1159 779 1355 847 —Romam
1373 807 1428 849 ve·

368 897 383 942 2
400 884 526 950 nerunt,
536 873 718 957 pollicentes
728 871 1022 936 adMacedonicum
1031 873 1149 937 bellum
1159 874 1287 939 auxilia.
1306 879 1427 961 gratiae

400 969 442 1033 ab
469 980 581 1032 senatu
607 976 697 1030 actae
718 987 915 1049 muneraque
937 967 1048 1042 missa,
1076 967 1198 1051 torquis
1221 993 1336 1036 aureus
1362 973 1427 1036 duo

399 1062 507 1147 pondo
525 1072 557 1125 et
573 1071 702 1145 paterae
717 1081 833 1123 aureae
847 1070 998 1142 quattuor
1015 1061 1132 1145 pond0‚
1152 1084 1227 1126 ecus
1245 1064 1429 1148 phaleratus

367 1179 381 1224 3
401 1177 552 1238 armaque
576 1154 743 1237 equestria.
788 1153 965 1217 secundum
989 1153 1100 1219 Gallos
1123 1154 1307 1242 Pamphylii
1328 1160 1427 1244 legati

358 1246 362 1254 ’
401 1273 549 1315 coronam
568 1271 697 1312 auream
715 1271 755 1312 ex
772 1248 885 1332 viginti
903 1247 1031 1310 milibus
1049 1248 1288 1334 Philippeorum
1306 1252 1427 1316 factam

399 1347 434 1409 in
452 1345 573 1409 curiam
590 1343 779 1418 intulerunt,
806 1341 1052 1426 petentibusque
1069 1343 1123 1420 iis,
1150 1355 1186 1407 ut
1201 1345 1234 1408 id
1256 1344 1373 1408 donum
1391 1347 1427 1410 in

402 1441 482 1504 cella
499 1439 585 1502 Iovis
604 1438 715 1522 optimi
737 1436 870 1501 maximi
892 1457 1011 1521 ponere
1029 1448 1061 1502 et
1083 1439 1259 1504 sacrificare
1275 1440 1309 1502 in
1327 1437 1429 1525 Capi-

366 1558 383 1603 4
401 1535 476 1598 tolio
494 1534 612 1607 liceret,
631 1532 836 1616 permissum,
864 1531 1064 1616 benigneque
1083 1533 1257 1598 amicitiam
1272 1557 1427 1605 renovare

401 1628 579 1693 volentibus
603 1627 717 1713 legatis
734 1648 923 1711 responsum
941 1637 973 1690 et
994 1626 1105 1691 binum
1123 1628 1246 1692 milium
1264 1629 1344 1711 aeris
1363 1629 1431 1693 sin-

367 1742 383 1790 5
401 1723 485 1806 gulis
502 1721 634 1784 missum
651 1744 778 1784 munus.
817 1731 887 1783 tum
906 1720 947 1783 ab
964 1743 1041 1804 rege
1059 1720 1175 1785 Prusia
1193 1732 1225 1786 et
1241 1722 1337 1806 paulo
1354 1734 1428 1806 post

402 1817 443 1878 ab
461 1815 583 1880 Rhodis
606 1815 646 1878 de
666 1812 731 1899 [re]
751 1815 863 1877 eadem
889 1815 985 1898 longe
1008 1815 1099 1878 aliter
1117 1815 1306 1880 disserentes
1328 1816 1428 1900 legati

369 1929 383 1976 6
403 1909 503 1972 auditi
526 1919 608 1972 sunt.
653 1919 788 1990 utraque
809 1907 927 1991 legatio
946 1908 986 1972 de
1008 1929 1087 1992 pace
1103 1909 1336 1973 reconcilianda
1353 1932 1427 1973 cum

401 2025 477 2087 rege
494 2002 614 2066 Perseo
633 2001 708 2086 egit.
738 2000 873 2065 Prusiae
891 2023 1002 2086 preces
1020 2003 1123 2086 magis
1142 2024 1238 2085 quam
1256 2004 1430 2087 postulatio

402 2097 501 2172 fuere,
519 2095 695 2180 profitentis
709 2106 741 2160 et
753 2096 795 2159 ad
809 2095 843 2158 id
861 2106 986 2180 tempus
1001 2119 1034 2160 se
1049 2117 1123 2159 curn
1131 2097 1284 2161 Romanis
1303 2098 1426 2164 stetisse

368 2206 433 2259 ret
453 2191 540 2274 quod
563 2190 682 2254 bellum
709 2190 792 2254 foret
814 2200 985 2254 staturum:
1013 2203 1154 2256 ceterum
1181 2214 1254 2256 cum
1283 2193 1324 2256 ad
1350 2216 1384 2257 se
1407 2216 1430 2257 a

399 2283 519 2349 Perseo
532 2284 630 2367 legati
644 2284 805 2348 venissent
819 2283 1012 2349 definiendo
1027 2307 1100 2349 cum
1114 2285 1266 2349 Romanis
1280 2286 1373 2362 bello,
1393 2299 1426 2350 et

400 2382 428 2441 is
442 2377 623 2462 pollicitum
631 2378 869 2461 deprecatorem
884 2389 961 2463 aput
975 2391 1122 2444 senatum
1131 2379 1273 2444 futurum
1278 2403 1286 2456 3
1304 2391 1428 2463 petere,

401 2472 429 2536 si
445 2471 574 2557 possent
591 2469 741 2536 inducere
758 2471 792 2535 in
809 2472 950 2536 animum
967 2483 1003 2537 ut
1020 2473 1133 2538 finiant
1149 2473 1227 2551 iras,
1246 2497 1279 2539 se
1298 2495 1427 2558 quoque

400 2567 435 2630 in
451 2567 555 2653 gratia
571 2565 792 2631 reconciliatae
808 2568 897 2652 pacis
915 2580 1079 2653 ponerent.
1124 2569 1203 2634 hacc
1220 2569 1300 2655 regii
1316 2569 1426 2655 legati.

367 2661 507 2729 8Rhodi
537 2661 673 2746 superbe
704 2663 957 2727 commemoratis
986 2662 1135 2747 [meritis]
1165 2686 1242 2748 erga
1272 2663 1426 2747 populum

401 2755 598 2831 Romanum,
622 2765 654 2819 et
671 2778 772 2839 paene
791 2757 956 2831 victoriae,
974 2757 1085 2840 utique
1104 2757 1143 2821 de
1160 2757 1321 2820 Antiocho
1339 2780 1428 2843 rege,

367 2868 382 2915 9
400 2849 519 2912 maiore
540 2859 631 2933 parte
650 2851 691 2912 ad
713 2872 747 2914 se
765 2849 938 2924 vindicata,
958 2850 1154 2926 adiecerunt,
1173 2872 1247 2914 cum
1264 2873 1328 2934 pax
1344 2850 1429 2915 inter

400 2942 598 3006 Macedonas
616 2942 842 3027 Romanosque
866 2955 963 3020 esset,
988 2944 1048 3009 sibi
1071 2943 1240 3008 amicitiam
1259 2967 1331 3008 cum
1349 2967 1429 3029 rege

400 3035 521 3099 Perseo
541 3047 700 3120 coeptam:
720 3060 790 3101 earn
808 3060 842 3102 se
860 3038 991 3113 invitos,
1009 3038 1097 3101 nullo
1115 3038 1182 3102 eius
1200 3038 1233 3101 in
1252 3060 1285 3102 se
1303 3038 1431 3114 merito,

401 3128 553 3211 quoniam
577 3129 623 3192 ita
645 3129 797 3195 Romanis
823 3131 928 3195 visum
955 3130 995 3194 sit
1021 3132 1054 3194 in
1081 3132 1265 3196 societatem
1291 3154 1325 3197 se
1351 3130 1430 3196 belli

352 3242 383 3290 lo
401 3222 539 3298 trahere,
564 3222 778 3309 interrupisse.
827 3224 955 3288 tertium
978 3246 1012 3289 se
1038 3248 1157 3288 annum
1175 3226 1274 3288 multa
1292 3225 1360 3289 eius
1377 3223 1429 3287 in·

402 3317 568 3380 commoda
590 3316 665 3381 belli
688 3318 804 3383 sentire
830 3319 912 3383 mari
938 3319 1064 3382 interim
1086 3319 1271 3394 interclus03
1299 3318 1428 3402 inopem

399 3411 537 3475 insulam
567 3412 733 3493 mess[ium
765 3410 946 3497 ma]ritimis
978 3412 1081 3476 iuvari
1107 3412 1304 3477 commerciis
1331 3423 1428 3495 atque

350 3526 381 3571 11
401 3506 638 3570 commeatibus.
665 3513 739 3571 cum
752 3506 787 3571 id
799 3507 883 3571 ultra
895 3508 962 3592 pati
975 3530 1040 3575 non
1051 3518 1192 3593 possent,
1210 3507 1332 3591 legatos
1347 3507 1429 3571 ahos

401 3602 442 3664 ad
459 3601 578 3665 Persea
600 3602 632 3664 in
654 3601 880 3667 Macedoniarn
902 3601 1040 3679 misisse,
1067 3602 1123 3685 qui
1141 3601 1171 3666 ei
1194 3600 1428 3677 denuntiarent,

401 3693 523 3758 Rhodis
542 3696 666 3779 placere
684 3718 797 3780 pacem
816 3719 890 3761 eum
909 3718 1086 3782 conponere
1104 3718 1179 3760 cum
1196 3694 1350 3759 Romanis
1356 3718 1365 3771 ;
1393 3716 1429 3759 se

352 3804 383 3850 12
401 3787 538 3851 Romam
556 3790 668 3852 eadem
685 3790 866 3855 nuntiatum
884 3792 1006 3856 missos.
1030 3813 1086 3875 per
1101 3812 1181 3873 quos
1195 3789 1344 3864 stetisset,
1362 3808 1431 3870 quo

304 3952 308 3958 ¹
400 3881 505 3944 minus
523 3882 598 3945 belli
615 3882 687 3947 linis
705 3884 809 3960 fieret,
827 3885 979 3949 adversus
998 3907 1052 3949 eos
1071 3885 1148 3967 quid
1166 3884 1227 3949 sibi
1244 3883 1430 3949 faciendum

352 3987 383 4033 13
403 3984 485 4035 esset
511 3973 654 4039 Rhodios
681 3977 940 4043 consideraturos
961 4001 1041 4042 esse.
1087 3976 1155 4063 [ne]
1184 4000 1270 4042 nunc
1296 3976 1431 4060 quidem

401 4060 481 4127 haec
498 4066 565 4130 sinc
583 4068 799 4154 indignatione
817 4072 881 4157 legi
899 4071 1041 4135 audirive
1059 4094 1153 4154 posse
1171 4083 1293 4137 certum
1311 4070 1429 4135 habeo.

402 4155 475 4220 inde
493 4160 666 4226 existimari
683 4174 797 4247 potest,
814 4165 871 4247 qui
888 4162 1016 4229 habitus
1031 4164 1210 4229 animorum
1225 4164 1432 4231 audientibus

402 4273 440 4314 ea
457 4252 602 4335 patribus
619 4256 724 4321 fuerit.
