3384 4975
317 464 319 468 '
339 480 402 544 13ss
527 489 645 545 amna
661 485 849 555 xxxma
868 485 910 540 ar.
925 484 968 538 aa
988 484 1177 552 [anemo]

339 673 442 736 spere,
461 651 622 713 fortunam
640 645 737 710 totius
754 643 800 708 rei
818 640 974 728 principia
992 650 1172 733 secuturam
1189 663 1259 705 esse
1276 652 1368 707 ratus

340 756 373 810 et
389 743 591 829 repentinum
608 739 781 804 valiturum
798 748 965 811 terrorem,
992 734 1145 799 instructo
1164 735 1307 799 exercitu
1325 737 1368 800 ad

307 863 321 908 7
339 839 466 904 moenia
483 834 633 900 succedit.
661 832 793 916 quodsi
811 831 927 895 clausis
945 830 1044 914 portis
1062 851 1169 892 muros
1188 841 1371 914 portarum-

341 953 404 1015 que
419 930 513 995 turris
528 926 672 1013 dispositi
685 926 799 990 armati
812 924 1038 999 defendissent,
1056 944 1139 987 vano
1154 945 1228 987 cum
1240 923 1370 1008 incepto

195 1023 201 1032 '
307 1050 322 1096 8
341 1024 508 1089 moenibus
525 1023 722 1109 pepulissent
730 1021 909 1096 Romanos3
927 1039 1012 1082 nunc
1029 1027 1121 1102 porta
1139 1019 1258 1103 egressi
1275 1041 1370 1104 proe-

341 1119 419 1183 lium
436 1118 506 1182 loco
524 1138 627 1199 aequo
645 1115 764 1180 maiore
789 1114 895 1178 animo
914 1113 1139 1176 commiserunt
1157 1135 1254 1195 quam
1273 1116 1369 1178 susti-

309 1222 489 1287 onuerunt.
533 1210 618 1296 pulsi
645 1209 729 1275 enim
752 1218 784 1273 et
809 1207 890 1292 fuga
912 1207 1110 1291 conglobati,
1138 1228 1212 1270 eum
1240 1208 1370 1272 ducenti

342 1306 478 1392 amplius
495 1306 529 1369 in
546 1304 623 1389 ipsis
645 1303 793 1367 faucibus
814 1313 925 1386 portae
948 1301 1149 1378 cecidissent,
1177 1312 1300 1366 tantum
1317 1301 1371 1364 in·

342 1401 482 1465 tulerunt
509 1410 674 1474 terrorem,
707 1408 744 1461 ut
770 1408 910 1461 oratores
937 1396 1095 1480 extemplo
1122 1397 1164 1460 ad
1189 1406 1370 1479 praetorem

341 1494 481 1557 mitteret
503 1490 640 1556 Gentius
658 1491 829 1557 Teuticum
847 1500 880 1554 et
901 1490 1043 1564 Bellum,
1071 1488 1230 1574 principes
1253 1489 1371 1574 gentis,

342 1609 400 1673 per
421 1607 501 1670 quos
524 1585 664 1649 indutias
686 1594 823 1670 peteret,
850 1594 885 1648 ut
904 1584 1079 1648 deliberare
1097 1584 1137 1647 de
1160 1594 1370 1648 staturarum

293 1706 329 1753 10.
344 1702 474 1744 suarum
491 1691 610 1764 posset.
654 1679 759 1744 triduo
780 1679 815 1742 in
832 1679 894 1742 hoc
917 1679 991 1742 dato
1010 1700 1084 1742 cum
1102 1687 1205 1742 castra
1222 1676 1372 1740 Romana

343 1775 533 1858 quingentos
557 1774 657 1838 ferme
680 1797 794 1858 passus
812 1773 854 1837 ab
876 1773 955 1837 urbe
974 1774 1137 1849 abessent,
1159 1794 1275 1836 navem
1295 1793 1371 1836 con·

345 1867 476 1943 scendit,
495 1878 526 1932 et
540 1867 669 1932 flumine
678 1867 852 1930 Barbanna
864 1867 995 1952 navigat
1011 1867 1045 1929 in
1061 1867 1168 1929 lacum
1177 1865 1371 1940 Labeatum,

295 1980 324 2026 11
344 1961 432 2024 velut
453 1972 612 2024 secretum
637 1962 744 2025 locum
769 1972 881 2046 petens
905 1962 947 2024 ad
969 1960 1227 2036 consultandum,
1256 1961 1312 2025 sed
1334 1971 1372 2025 ut

344 2053 506 2139 apparuit,
530 2054 612 2118 falsa
633 2077 690 2139 spe
714 2055 836 2119 excitus
856 2052 1086 2119 Caravantium
1108 2056 1238 2118 fratrem
1261 2054 1372 2117 multis

344 2149 471 2212 milibus
486 2159 678 2212 armatorum
693 2150 771 2213 actis
786 2172 824 2214 ea
841 2148 982 2234 regione,
1000 2149 1144 2231 inquam
1158 2147 1273 2211 missus
1292 2157 1370 2223 erat,

210 2326 212 2330 ,
295 2261 326 2308 12
345 2242 525 2305 adventare.
570 2243 626 2325 qui
644 2256 814 2328 postquam
832 2243 961 2307 evanuit
978 2265 1100 2319 rumor,
1118 2242 1211 2306 tertio
1229 2251 1300 2326 post
1319 2241 1371 2304 die

345 2357 461 2398 navem
479 2336 613 2399 eandem
632 2337 771 2399 secundo
790 2337 876 2400 amni
891 2335 1046 2401 Scodram
1065 2335 1199 2411 demisit,
1218 2333 1371 2419 praemis·

347 2428 453 2510 sisque
466 2429 595 2503 nuntiis,
613 2441 650 2492 ut
663 2429 723 2493 sibi
742 2431 922 2518 appellandi
941 2429 1094 2515 praetoris
1111 2440 1251 2515 potestas
1268 2428 1371 2503 fieret,

297 2544 327 2590 13
347 2523 439 2607 copia
460 2523 546 2586 sacta
568 2523 601 2587 in
624 2535 727 2588 castra
748 2524 844 2588 venit.
890 2534 922 2589 et
944 2524 1134 2609 principium
1156 2522 1304 2587 orationis
1329 2520 1372 2585 ab

347 2617 548 2681 accusatione
570 2618 721 2682 stultitiae
739 2640 830 2682 orsus
849 2640 941 2693 suae,
960 2630 1119 2702 postremo
1137 2617 1179 2680 ad
1196 2638 1306 2701 preces
1323 2614 1371 2678 la·

347 2710 525 2793 crimasque
544 2710 674 2788 effusus,
692 2712 828 2797 genibus
845 2712 999 2796 praetoris
1018 2712 1163 2775 accidens
1181 2711 1215 2773 in
1232 2718 1374 2794 potesta·
1404 2750 1405 2753 =

298 2826 330 2872 14
347 2814 411 2867 tem
430 2827 498 2867 sese
517 2805 612 2870 dedit.
639 2806 741 2889 primo
760 2807 880 2870 bonum
898 2806 1038 2869 animum
1057 2806 1173 2870 babere
1191 2805 1312 2880 iussus,
1331 2803 1374 2866 ad

349 2919 460 2960 cenam
478 2898 573 2961 etiarn
596 2899 747 2964 invitatus
770 2901 804 2964 in
821 2900 935 2964 urbem
954 2900 995 2963 ad
1013 2922 1085 2963 suos
1104 2899 1206 2963 rediit.
1251 2910 1374 2962 etcum

299 3012 330 3059 15
348 3001 493 3073 praetore
512 3012 549 3054 eo
567 2990 618 3055 die
641 2993 812 3058 honorifice
830 3004 879 3057 est
902 2992 1063 3078 epulatus,
1082 2992 1195 3056 deinde
1218 2992 1251 3054 in
1268 3001 1375 3055 custo·

349 3083 434 3146 diam
454 3081 492 3147 C.
512 3081 625 3149 Cassio
645 3088 772 3151 tribuno
789 3088 925 3151 militum
943 3083 1091 3163 traditus,
1114 3088 1168 3150 vix
1186 3084 1375 3167 gladiatorio

349 3188 479 3269 accepto
498 3178 609 3242 decern
630 3181 756 3245 talentis
776 3181 817 3244 ab
835 3203 912 3265 rege
929 3203 1001 3257 rex,
1019 3180 1106 3244 utin
1124 3203 1194 3244 earn
1210 3180 1376 3244 fortunam

348 3273 531 3337 reccideret.

317 3387 330 3433 1
412 3366 569 3432 XXXII.
596 3368 731 3433 Anicius
755 3368 877 3435 Scodra
903 3379 1032 3455 recepta
1058 3368 1136 3431 nihil
1162 3367 1250 3452 prius
1277 3386 1376 3448 quam

349 3461 518 3544 requisitos
543 3462 709 3527 Petillium
734 3463 997 3549 Perpernamque
1023 3464 1145 3548 legatos
1173 3461 1214 3523 ad
1241 3482 1274 3523 se
1302 3457 1378 3521 duci

318 3583 332 3628 2
351 3556 451 3620 iussit.
483 3556 598 3640 quibus
617 3558 783 3641 splendore
802 3580 860 3621 suo
878 3558 1023 3623 restituto
1040 3556 1237 3641 Perpernam
1256 3563 1381 3617 extem-

350 3652 404 3735 plo
422 3651 518 3715 mittit
531 3650 573 3714 ad
591 3651 893 3737 conprehendendos
910 3653 1027 3717 amicos
1042 3661 1259 3736 cognatosque
1276 3645 1379 3731 regis;

318 3768 332 3813 3
351 3745 408 3828 qui
419 3746 617 3822 Meteonem,
636 3747 830 3812 Labeatium
848 3748 952 3833 gentis
970 3749 1092 3823 urbem,
1111 3744 1274 3831 profectus
1288 3741 1381 3807 Etle-

351 3862 426 3902 vam
443 3862 576 3904 uxorem
594 3862 668 3904 oum
685 3842 757 3905 filiis
776 3842 911 3919 duobus,
931 3840 1135 3907 Scerdilaedo
1148 3834 1379 3919 Pleuratoque,

319 3952 336 3997 4
353 3943 384 3993 et
394 3930 622 3998 Caravantium
639 3934 768 3999 fratrem
779 3933 935 4000 Scodram
952 3934 986 3996 in
1003 3945 1106 3996 castra
1125 3932 1267 3996 adduxit.
1294 3928 1380 3992 Ani-

353 4022 421 4086 cius
448 4025 531 4091 bello
553 4027 681 4113 Hlyrico
702 4028 786 4092 intra
813 4028 943 4113 triginta
969 4025 1036 4089 dies
1062 4026 1203 4109 perfecto
1230 4022 1380 4087 nuntium

354 4116 504 4182 victoriae
525 4120 721 4207 Perpernam
743 4122 881 4187 Romam
897 4118 997 4193 misit,
1024 4129 1056 4183 et
1077 4130 1149 4204 post
1167 4120 1234 4183 dies
1257 4138 1378 4203 paucos

355 4207 511 4275 Gentium
535 4237 644 4299 rogem
666 4217 773 4301 ipsum
795 4236 869 4279 cum
894 4222 1026 4297 parente
1049 4212 1184 4297 coniuge
1207 4234 1245 4277 ao
1269 4210 1380 4277 liberis
