3384 4975
507 524 817 598 nmuu‘xxxxru,
836 528 878 582 14.
893 497 935 582 1'5.
953 534 994 595 [a.
1004 526 1035 584 c.
1045 530 1108 598 111]
1282 518 1324 584 99

294 699 392 770 tuque
415 709 456 752 ex
477 685 581 751 edicto
605 682 644 750 C.
669 681 801 759 Claudi,
825 682 876 746 Ti.
901 682 1070 768 Semproni
1092 707 1259 753 censorum
1281 690 1323 754 ad

296 781 447 846 dilectum
463 779 607 865 prodibis
626 788 658 841 et
679 777 965 860 quotienscumque
983 777 1117 844 dilectus
1135 782 1208 858 erit,
1226 805 1323 867 quem

295 875 345 939 hir
364 873 551 939 censoribus
568 870 774 954 magistratus
792 868 967 945 habebunt,
986 870 1013 934 si
1029 857 1119 937 miles
1136 875 1241 939 factus
1258 897 1323 940 non

296 969 373 1044 eris,
399 968 435 1030 in
456 966 575 1029 dilectu
596 962 772 1048 prodibis?’
808 961 886 1027 item
908 964 984 1046 quia
1006 963 1093 1029 fama
1116 977 1183 1033 erat
1207 969 1323 1033 multos
1343 992 1356 1038 1

298 1083 340 1125 ex
356 1056 576 1124 Macedonicis
594 1055 773 1142 legionibus
790 1056 919 1120 incertis
938 1059 1166 1125 commeatibus
1182 1083 1241 1147 per
1257 1085 1325 1126 am·

297 1151 452 1236 bitionvem
472 1150 699 1236 imperatorum
717 1151 762 1214 ab
784 1149 924 1215 exercitu
942 1149 1070 1228 abesse,
1097 1153 1263 1219 edixerunt
1286 1155 1326 1220 de

298 1245 452 1310 militibus
471 1245 512 1309 P.
530 1244 640 1320 Aelio,
669 1242 725 1330 [O.
743 1241 898 1329 Popillio]
927 1245 1111 1310 consulibus
1138 1257 1250 1333 postve
1272 1268 1326 1314 eos

297 1340 444 1404 consules
459 1338 494 1403 in
511 1337 738 1404 Macedoniam
756 1337 897 1423 scriptis,
919 1347 960 1403 ut
976 1339 1032 1423 qui
1050 1361 1160 1404 eorum
1182 1340 1215 1404 in
1232 1340 1327 1406 Italia
1344 1362 1360 1413 8

298 1443 418 1511 essent,
441 1433 525 1498 intra
542 1433 610 1498 dics
627 1433 771 1518 triginta,
794 1433 882 1497 censi
898 1431 987 1518 prius
1005 1444 1083 1519 aput
1099 1457 1184 1514 sese,
1201 1435 1236 1500 in
1252 1457 1327 1523 pro·

296 1528 436 1593 vinciam
454 1527 610 1605 redirent3
634 1528 689 1611 qui
709 1528 744 1591 in
765 1527 864 1612 patris
883 1539 939 1591 aut
961 1527 1013 1591 avi
1034 1539 1191 1614 potestate
1209 1541 1325 1608 essent,

297 1641 409 1687 eorum
425 1621 556 1687 nomina
571 1621 615 1686 ad
632 1644 667 1686 se
681 1622 860 1687 ederentur.
887 1622 1057 1687 missorum
1071 1645 1199 1710 quoque
1214 1647 1325 1690 causas
1344 1644 1359 1693 9

298 1739 368 1782 sese
391 1717 573 1802 cognituros
596 1739 679 1794 esse,
707 1727 739 1783 et
765 1734 901 1802 quorum
924 1728 996 1784 ante
1015 1718 1147 1785 emerita
1168 1719 1327 1807 stipendia

298 1810 437 1896 gratiosa
459 1810 570 1876 missio
588 1811 649 1875 sibi
666 1811 736 1876 visa
753 1823 852 1889 esset,
877 1833 931 1878 eos
953 1813 1069 1879 milites
1087 1814 1156 1879 fieri
1172 1815 1324 1880 iussuros.

298 1905 359 1968 hoc
381 1904 485 1969 edicto
507 1904 686 1988 litterisque
708 1928 877 1971 censorum
900 1928 958 1991 per
975 1906 1045 1972 fora
1062 1918 1094 1973 et
1116 1908 1326 1973 conciliabula
1346 1927 1376 1973 10

298 1998 436 2062 dimissis
460 2009 549 2062 tanta
570 1998 741 2063 multitudo
762 1999 923 2063 iuniorum
941 1999 1079 2064 Romam
1101 2003 1264 2078 convenit,
1289 2012 1326 2065 ut

297 2092 407 2177 gravis
424 2090 498 2154 urbi
515 2090 610 2154 turba
626 2090 754 2156 insolita
771 2102 865 2156 esset.

364 2185 444 2251 XV.
470 2185 605 2250 Praeter
621 2184 773 2249 dilectum
786 2207 908 2261 eorum,
926 2206 1007 2269 quos
1024 2185 1058 2248 in
1073 2187 1328 2271 supplementum
1348 2208 1360 2254 1

299 2279 384 2344 mitti
401 2279 581 2365 oportebat,
604 2289 755 2364 quattuor
772 2303 792 2348 a
810 2277 849 2342 C.
870 2277 1012 2363 Sulpicio
1030 2290 1175 2364 praetore
1193 2279 1328 2364 scriptae

298 2374 441 2459 legiones
456 2385 539 2450 sunt,
548 2374 696 2459 intraque
710 2372 858 2439 undecim
873 2374 940 2439 dies
951 2373 1083 2438 dilectus
1094 2384 1142 2439 est
1156 2373 1327 2460 perfectus.

301 2469 447 2533 consules
474 2467 588 2533 deinde
615 2468 717 2533 sortiti
742 2468 923 2555 provincias
950 2479 1039 2546 sunt3
1065 2492 1140 2534 nam
1165 2479 1361 2554 praetorem

298 2574 431 2647 propter
452 2560 702 2626 iurisdictionem
719 2563 874 2627 maturius
893 2563 994 2627 sortiti
1012 2573 1111 2626 erant.
1147 2562 1271 2626 urbana
1289 2560 1328 2625 C.
1348 2581 1362 2627 3

302 2654 467 2741 Sulpicio,
475 2654 644 2739 peregrina
663 2652 703 2718 C.
719 2656 867 2733 Decimio
886 2656 1055 2739 obtigerat,
1073 2654 1267 2738 Hispaniam
1280 2654 1329 2717 M.

302 2746 460 2814 Claudius
487 2748 676 2825 Marcellus,
705 2746 848 2813 Siciliam
872 2745 941 2813 Ser.
966 2744 1135 2810 Cornelius
1161 2746 1330 2823 Lentulus,

303 2843 485 2911 Sardiniam
502 2842 542 2907 P.
556 2842 710 2908 Fonteius
725 2838 852 2928 Capito,
872 2843 1006 2907 classem
1021 2839 1060 2905 C.
1070 2840 1214 2905 Marcius
1229 2840 1331 2927 Figu-
1442 2873 1444 2878 ·

302 2939 352 3002 lus
372 2948 439 3002 erat
456 2938 595 3001 sortitus.
623 2938 791 3002 consulum
806 2934 867 3001 On.
880 2935 1016 3002 Servilio
1030 2935 1134 3011 Italia,
1153 2933 1195 3017 Q.
1205 2934 1330 3001 Marcio

302 3032 495 3097 Macedonia
513 3032 650 3096 obvenit
695 3032 885 3116 Latinisque
909 3031 987 3096 actis
1005 3030 1150 3096 Marcius
1172 3031 1331 3116 extemplo

304 3136 352 3190 est
377 3124 549 3211 profectus.
595 3124 758 3212 Caepione
781 3125 896 3192 deinde
922 3126 1080 3192 referente
1108 3124 1149 3189 ad
1163 3134 1330 3200 senatum,
1350 3146 1365 3191 4

304 3242 385 3302 quas
403 3242 443 3285 ex
460 3220 552 3285 novis
569 3221 748 3307 legionibus
766 3222 846 3286 duas
864 3222 1006 3308 legiones
1020 3243 1129 3286 secum
1147 3220 1181 3282 in
1190 3218 1331 3284 Galliam

306 3314 450 3390 duceret,
469 3315 778 3401 decreverepatres,
796 3328 833 3381 ut
851 3314 891 3381 O.
912 3314 1089 3401 Sulpicius,
1106 3314 1156 3376 M.
1176 3311 1332 3377 Claudius

305 3419 466 3493 praetores
485 3432 525 3473 ex
541 3407 591 3472 his
609 3431 689 3493 quas
708 3411 907 3494 scripsissent
923 3409 1118 3494 legionibus,
1146 3428 1225 3489 quas
1244 3405 1333 3469 vide-

307 3514 405 3576 retur,
423 3502 546 3567 consuli
564 3502 686 3566 darent.
712 3504 843 3587 indigne
860 3504 985 3587 patiens
1002 3512 1184 3584 praetorum
1204 3497 1333 3560 arbitrio
1352 3514 1366 3561 5
1401 3568 1404 3571 ,

309 3595 472 3658 consulem
495 3593 689 3670 subiectum,
717 3595 846 3658 dimisso
864 3604 976 3658 senatu
995 3593 1036 3655 ad
1054 3590 1193 3654 tribunal
1210 3599 1336 3674 praeto-

308 3711 381 3754 rum
399 3697 485 3750 stans
503 3685 686 3771 postulavit,
704 3708 745 3751 ex
763 3697 891 3750 senatus
906 3686 1050 3750 consulto
1065 3682 1258 3748 destinarent
1275 3682 1336 3747 sibi

310 3784 391 3848 duas
413 3781 565 3867 legiones.
609 3790 771 3865 praetores
789 3781 927 3845 consulis
948 3780 982 3843 in
1000 3777 1147 3865 eligendo
1172 3777 1336 3842 arbitrium

311 3877 465 3942 fecerunt.

345 3972 348 3977 ’
378 3971 533 4038 Senatum
551 3967 666 4034 deinde
685 3989 830 4034 censores
848 3970 994 4055 legerunt
1000 3993 1008 4045 3
1027 3968 1076 4032 M.
1096 3965 1253 4030 Aemilius
1271 3966 1337 4032 Le·
1355 3985 1369 4033 6

311 4067 405 4155 pidus
423 4066 570 4151 princeps
593 4063 635 4127 ab
653 4063 753 4128 tertiis
770 4064 835 4128 iam
852 4064 1036 4129 censoribus
1059 4062 1170 4125 lectus.
1216 4072 1337 4146 septem

313 4184 331 4227 e
350 4171 461 4225 senatu
479 4158 572 4224 eiecti
594 4166 677 4222 sunt.
720 4157 754 4222 in
773 4180 871 4224 censu
890 4155 1073 4243 accipiendo
1094 4154 1205 4240 populi
1221 4154 1336 4219 milites
1356 4176 1369 4220 1

313 4277 355 4320 ex
379 4250 591 4319 Macedonico
617 4250 773 4331 exercitu,
799 4251 978 4338 quiquam
1004 4248 1096 4315 multi
1122 4247 1270 4314 abessent
1297 4248 1337 4312 ab

1134 4349 1168 4402 70
