3384 4975
326 524 389 589 158
543 535 660 590 LIBER
676 533 832 603 XXXXV‚
851 533 933 586 9.10.
953 536 1028 600 {au
1038 549 1061 586 c.
1071 533 1135 601 586]

292 716 308 765 1
390 693 504 760 VIIII.
528 691 707 755 Maximam
724 701 848 775 partem
866 689 1029 774 copiarum
1046 689 1260 775 Amphipolis,
1279 695 1359 760 reli.

326 809 406 872 quas
424 787 621 871 propinquae
638 784 734 848 urbes
752 794 954 867 acceperunt

292 907 308 953 2
390 881 455 943 Hic
467 880 539 943 finis
552 878 638 954 belli,
656 899 731 941 oum
739 878 984 960 quadriennium
997 878 1184 941 continuum
1198 879 1356 948 bellatum

327 985 420 1050 esset,
437 974 519 1037 inter
532 973 693 1037 Romanos
711 994 749 1036 ac
764 972 885 1036 Persea
901 971 972 1047 fuit,
990 971 1138 1054 idemque
1155 973 1227 1036 finis
1241 974 1357 1059 inclyti

293 1091 309 1137 3
327 1090 384 1153 per
401 1066 552 1151 Europae
570 1066 758 1150 plerumque
776 1076 873 1147 atque
890 1065 1005 1128 Asiam
1023 1087 1149 1129 omnem
1168 1069 1268 1150 regni.
1306 1072 1357 1133 vi·

328 1161 503 1226 censimum
520 1161 562 1223 ab
581 1157 723 1235 Carano,
752 1159 807 1241 qui
824 1158 945 1243 primus
963 1160 1131 1243 regnabat,
1155 1159 1276 1224 Persea
1292 1186 1358 1228 nu·

327 1254 502 1317 merebant.
545 1252 684 1316 Perseus
706 1251 748 1332 Q.
765 1251 897 1326 Fulvio,
926 1249 999 1336 [Ia]
1023 1251 1147 1316 Manlio
1169 1255 1354 1321 consulibus

328 1370 463 1432 regnum
481 1347 612 1429 accepit,
632 1368 651 1409 a
669 1356 781 1408 senatu
798 1367 856 1409 rex
874 1356 922 1408 est
940 1346 1116 1428 appellatus
1125 1345 1174 1408 M.
1185 1347 1289 1425 lunio,
1308 1351 1354 1413 A.

293 1465 311 1510 4
329 1441 452 1505 Manlio
462 1439 656 1513 consulibus,
675 1439 822 1522 regnavit
835 1439 984 1502 undecim
998 1461 1107 1515 annos.
1133 1439 1353 1507 Macedonum

328 1535 464 1599 obscura
486 1534 658 1598 admodum
680 1533 767 1596 fama
788 1554 891 1616 usque
917 1533 958 1596 ad
981 1532 1166 1617 Philippum
1188 1535 1353 1621 Amyntae

327 1628 429 1691 filium
450 1627 520 1690 fuit.
564 1626 639 1690 inde
662 1648 699 1690 ac
722 1649 780 1710 per
801 1649 875 1690 eum
894 1623 1004 1710 [gens]
1024 1649 1165 1690 crescere
1188 1650 1261 1692 cum
1281 1653 1354 1696 coe·

329 1721 436 1805 pisset,
450 1720 600 1804 Europae
615 1744 648 1785 se
667 1731 774 1784 tamen
787 1719 904 1783 finibus
922 1721 1086 1796 continuit,
1100 1719 1270 1786 Graeciam
1284 1746 1354 1788 om-

295 1836 311 1882 5
329 1836 403 1878 uem
413 1824 444 1878 et
457 1823 581 1899 partem
590 1814 745 1878 Threciae
755 1824 851 1896 atque
861 1813 980 1898 Illyrici
990 1815 1146 1897 amplexa.
1173 1818 1353 1900 superfudit

330 1907 444 1971 deinde
462 1929 495 1971 se
513 1907 547 1970 in
560 1907 684 1982 Asiam,
702 1918 734 1970 et
751 1907 902 1970 tredecim
921 1907 1021 1982 anuis,
1040 1907 1355 1988 quibusAlexander

329 2000 489 2085 regnavit,
512 2001 651 2084 primum
668 2000 788 2074 omnia,
815 2020 879 2082 qua
896 1999 1068 2064 Persarum
1091 2022 1189 2085 prope
1207 2003 1352 2066 inmenso

296 2115 311 2161 u
330 2095 432 2178 spatio
455 2094 623 2177 imperium
641 2093 759 2169 fuerat,
778 2116 854 2158 suae
873 2094 1003 2157 dicionis
1021 2093 1114 2168 fecit,
1133 2094 1260 2158 Arabas
1278 2096 1353 2160 hino

329 2187 529 2270 Indiamque,
549 2205 614 2269 qua
627 2197 782 2251 terrarum
799 2188 938 2250 ultumos
952 2188 1023 2250 finis
1038 2187 1171 2250 rubrum
1185 2211 1271 2252 mare
1285 2212 1355 2252 am-

296 2305 310 2349 7
330 2281 487 2365 plectitur,
505 2281 697 2365 peragravit.
725 2291 792 2344 tum
802 2282 976 2344 maximum
990 2281 1022 2343 in
1036 2282 1126 2345 terris
1136 2281 1352 2345 Macedonum

329 2395 465 2457 regnum
481 2394 670 2456 nomenque,
688 2373 762 2437 iude
779 2385 879 2437 morte
889 2374 1065 2448 Alexandri
1083 2374 1266 2438 distractum
1285 2372 1352 2458 [in]

329 2467 431 2531 multa
447 2490 560 2552 regna,
588 2468 664 2532 dum
683 2467 725 2532 ad
746 2467 932 2552 aequisque
951 2490 1026 2552 opes
1044 2468 1185 2553 rapiunt,
1207 2468 1354 2532 laceratis

330 2560 466 2637 viribus,
493 2583 513 2625 a
539 2583 662 2625 summo
685 2561 823 2626 culmine
849 2561 996 2626 fortunae
1018 2561 1060 2624 ad
1084 2562 1231 2624 ultimum
1257 2562 1354 2624 finem

330 2666 458 2718 centum
475 2656 708 2741 quinquaginta
726 2676 825 2719 annos
843 2656 938 2719 stetit.

297 2770 311 2816 1
393 2748 439 2811 X.
463 2750 625 2814 Victoriae
633 2750 797 2814 Romanae
807 2749 893 2812 fama
902 2771 975 2811 cum
988 2749 1177 2831 pervasisset
1187 2748 1220 2811 in
1229 2748 1354 2823 Asiam,

330 2842 485 2918 Antenor,
499 2843 637 2925 quicum
651 2844 750 2907 classe
763 2843 941 2906 lemborum
955 2843 996 2905 ad
1004 2841 1133 2905 Phanas
1149 2842 1262 2917 stabat,
1273 2839 1355 2905 Cas-

296 2956 312 3002 2
331 2936 490 2999 sandriam
502 2935 576 3002 inde
590 2937 720 3001 traiecit
749 2934 788 2999 Ο.
797 2936 964 3019 Popillius,
978 2936 1033 3017 qui
1048 2933 1119 3021 [ad]
1128 2936 1249 2998 Delum
1262 2958 1356 3019 prae-

331 3027 412 3092 sidio
429 3029 565 3094 navibus
579 3029 804 3094 Macedoniam
821 3028 1001 3113 petentibus
1016 3040 1092 3103 erat,
1110 3039 1279 3112 postquam
1299 3029 1356 3092 de·

330 3121 484 3185 bellatum
509 3123 543 3186 in
568 3122 759 3187 Macedonia
786 3133 818 3187 et
849 3122 982 3187 statione
1009 3135 1182 3186 summotos
1214 3121 1355 3184 hostium

331 3215 453 3279 lembos
472 3216 601 3291 audivit,
621 3216 757 3280 dimissis
776 3226 807 3280 et
824 3216 893 3300 ipse
908 3216 1025 3280 Atticis
1042 3216 1178 3280 navibus
1193 3215 1233 3279 ad
1247 3238 1356 3278 susce-

330 3318 419 3392 ptam
436 3309 628 3394 legationem
645 3310 860 3395 peragendam
873 3310 1024 3394 navigare
1033 3310 1221 3393 Aegyptum
1238 3309 1355 3392 pergit,

297 3424 312 3470 3
331 3413 367 3467 ut
384 3404 472 3489 prius
486 3425 650 3469 occurrere
659 3404 820 3469 Antiocho
834 3415 951 3490 posset,
970 3426 1066 3487 quam
1080 3405 1121 3467 ad
1130 3402 1354 3467 Alexandreae

297 3519 314 3563 4
332 3498 458 3563 moenia
472 3497 645 3563 accederet.
673 3520 745 3562 cum
759 3498 1074 3583 praeterveherentur
1083 3497 1197 3559 Asiam
1211 3494 1308 3579 legati
1323 3504 1355 3558 et

333 3591 475 3676 Loryma
491 3592 660 3668 venisseut,
678 3593 733 3674 qui
750 3603 860 3676 portus
874 3592 987 3677 viginti
1004 3591 1100 3675 paulo
1114 3589 1250 3673 amplius
1268 3586 1356 3649 milia

297 3706 312 3751 a
332 3684 374 3748 ab
391 3685 506 3751 Rhodo
529 3685 632 3765 abest,
659 3708 699 3750 ex
717 3687 852 3750 adverso
870 3687 942 3750 urbi
959 3686 1020 3770 ipsi
1037 3684 1172 3769 positus,
1195 3681 1354 3766 principes

332 3777 530 3843 Rhodiorum
552 3790 721 3843 occurrunt
736 3814 780 3825 -
796 3780 861 3843 iam
884 3779 968 3843 enim
992 3799 1030 3841 eo
1054 3799 1181 3860 quoque
1204 3774 1356 3838 victoriae

332 3871 420 3936 fama
436 3872 559 3957 perlata
577 3884 645 3938 erat
660 3908 705 3919 -
721 3883 862 3949 orantes,
887 3883 924 3936 ut
941 3870 1091 3935 Rhodum
1109 3868 1355 3934 deveherentur:

334 3964 491 4043 pertinere
508 3967 542 4031 id
556 3966 597 4033 ad
614 3966 733 4032 famam
748 3966 946 4046 salutemque
960 3964 1105 4040 civitatis,
1123 3984 1255 4027 noscere
1269 3962 1358 4044 ipsos

335 4055 450 4128 Omnia,
468 4079 550 4140 quae
568 4070 639 4124 acta
656 4067 1001 4142 essentagerenturque
1019 4057 1134 4132 Rhodi,
1154 4066 1186 4121 et
1204 4064 1357 4138 conperta

300 4164 317 4213 6
334 4165 392 4228 per
409 4167 453 4219 ⁸0,
470 4170 535 4216 non
552 4154 681 4238 volgata
698 4151 800 4227 fama,
818 4149 956 4214 Romam
973 4150 1099 4216 referre.
1127 4150 1182 4214 diu
1200 4157 1358 4232 negantes

335 4238 554 4324 perpulerunt,
580 4256 617 4309 ut
637 4267 758 4310 moram
784 4241 994 4328 navigationis
1016 4244 1145 4309 brevem
1167 4266 1225 4328 pro
1253 4242 1357 4318 salute
