3384 4975
388 513 453 582 220
551 523 773 582 PERIOOHAE
789 520 994 579 LIBRORUM
1011 521 1253 579 GKVH-CXX.

388 666 482 723 tonius
500 661 597 719 consul
615 679 678 717 eum
691 662 852 733 inpotenter
866 658 1053 715 dominaretur
1066 660 1213 731 legemque
1228 659 1263 715 de
1273 665 1427 730 'permuta-

389 736 465 789 tione
478 731 683 814 provinoiarum
697 731 816 800 pervim
829 729 940 784 tulisset
949 734 979 783 et
986 728 1136 783 Caesarem
1145 745 1256 810 quoque
1265 734 1427 800 petentem,

389 809 422 857 ut
435 802 489 856 sibi
502 801 634 855 adversus
647 815 824 869 percussores
839 796 969 852 avunculi
983 798 1106 866 adesset,
1125 814 1234 870 magnis
1248 797 1359 851 iniuriis
1374 800 1428 852 ad-

389 871 503 926 fecisset
530 867 637 924 ansar
651 872 680 923 et
692 867 746 921 sibi
759 871 788 922 et
800 867 841 922 rei
854 865 986 937 publicae
994 865 1067 921 vires
1077 867 1224 921 adversum
1233 882 1296 921 eum
1304 865 1427 936 ps'ratu·

388 956 436 994 rus
459 909 594 992 deductos
615 936 645 990 in
668 935 791 990 colonias
812 941 960 991 veteranos
986 935 1124 990 excitavit.
1159 935 1286 1006 legiones
1309 950 1428 1015 quoque

391 1012 490 1079 quarte
499 1004 641 1061 etMartia
650 1004 673 1058 si
714 1004 777 1059 aab
786 1004 910 1058 Antonio
921 1004 958 1058 ad
968 1001 1116 1059 Caesarem
1124 1002 1262 1072 tulerunt,
1278 1003 1385 1059 demde
1396 1010 1428 1058 et

389 1075 537 1145 conplures
550 1072 668 1128 saevitia
713 1073 847 1142 .Antoni,
861 1073 966 1144 passim
979 1072 1009 1126 in
1022 1072 1120 1127 castris
1129 1072 1186 1125 suis
1195 1071 1365 1126 tmoidantis
1375 1073 1425 1142 qui

390 1145 416 1200 ei
426 1143 548 1213 suspecti
558 1153 646 1211 erant,
657 1142 694 1197 ad
704 1141 854 1197 Caesarem
864 1141 1045 1196 desciverunt.
1068 1140 1138 1194 Dec.
1149 1139 1262 1208 Brutus,
1271 1145 1304 1192 ut
1312 1141 1427 1210 petenti

390 1212 562 1282 Cisalpinam
575 1209 700 1265 Galliam
708 1209 832 1264 Antonio
846 1209 1007 1279 obsisteret,
1022 1208 1160 1262 Mutinam
1170 1226 1232 1263 cum
1242 1209 1367 1263 exercitu
1377 1224 1426 1263 oe-

389 1281 512 1351 cupavit.
534 1284 682 1350 praeterea
691 1278 844 1332 discursum
853 1278 997 1347 utriusque
1006 1278 1094 1348 partis
1103 1277 1223 1336 virorum
1234 1277 1271 1331 ad
1281 1276 1425 1348 accipien-

390 1351 441 1406 das
449 1348 608 1421 provincias
617 1352 824 1419 apparatusque
833 1346 902 1401 belli
910 1346 1042 1400 continet.

604 1446 608 1450 -
792 1427 832 1466 Ex
845 1425 902 1466 nus.
918 1424 1015 1466 cxvm.

439 1486 480 1542 M.
497 1486 601 1539 Brutus
618 1484 649 1537 in
667 1481 790 1539 Graecia
807 1484 860 1537 sub
877 1487 1025 1554 praetextu
1042 1481 1232 1553 reipublicae
1252 1487 1281 1537 et
1298 1483 1425 1551 suscepti

390 1560 489 1610 eontra
498 1553 537 1607 M.
545 1552 700 1608 Antonium
708 1552 777 1607 belli
786 1552 946 1622 exercitum,
961 1551 1005 1606 oui
1014 1552 1047 1606 P.
1057 1551 1188 1607 Vatinius
1198 1557 1341 1621 praeerat,
1357 1567 1424 1604 cum

389 1623 535 1694 provincia
546 1622 575 1676 in
588 1625 757 1692 potestatem
771 1638 851 1675 suam
858 1619 976 1692 redegit.
1004 1620 1034 1675 C.
1046 1619 1173 1690 Caesari,
1188 1619 1235 1690 qui
1243 1619 1370 1690 privatus
1380 1619 1424 1674 rei

389 1692 521 1763 publicae
536 1707 614 1744 arma
627 1693 797 1759 sumpserat,
811 1689 1000 1770 propraetoris
1013 1688 1160 1759 imperium
1173 1706 1190 1743 a
1204 1694 1305 1743 senatu
1323 1689 1424 1742 datum

391 1766 434 1815 est
442 1777 504 1815 cum
514 1757 707 1813 consularibus
716 1761 887 1812 ornamentis
896 1757 1098 1827 adiectumque,
1109 1763 1141 1811 ut
1149 1764 1262 1813 senator
1270 1762 1352 1812 esset.
1382 1755 1423 1809 Μ.

389 1828 529 1883 Antonius
541 1826 613 1882 Dec.
623 1826 741 1881 Brutum
749 1825 876 1882 Mutinae
890 1825 1013 1896 obsedit,
1028 1825 1159 1896 missique
1174 1826 1283 1881 adeum
1293 1841 1311 1878 a
1320 1829 1423 1890 senatu

389 1897 479 1969 legati
496 1897 531 1951 de
548 1911 620 1966 pace
636 1911 736 1965 parum
754 1895 792 1948 ad
810 1895 1020 1965 conponendam
1039 1911 1101 1950 eam
1115 1895 1272 1949 valuerunt.
1298 1893 1423 1962 populus

389 1966 532 2020 Romanus
542 1981 612 2036 saga
621 1963 746 2033 sumpsit.
764 1962 803 2016 M.
813 1962 917 2016 Brutus
925 1963 956 2016 in
964 1963 1050 2034 Epiro
1060 1961 1092 2018 Ο.
1100 1963 1252 2017 Antonium
1262 1966 1423 2031 praetorem

391 2051 455 2089 cum
464 2033 586 2089 exercitu
594 2031 728 2104 potestati
737 2048 805 2086 suae
815 2031 941 2086 subiecit.

793 2111 898 2152 sxnln.
909 2111 1016 2152 cxvnn.

443 2171 473 2227 (l.
485 2169 642 2225 Trebonius
655 2170 685 2224 in
693 2168 872 2225 Asiefraude
880 2170 914 2223 P.
924 2168 1093 2224 Dolabellae
1103 2167 1210 2223 occisus
1220 2173 1270 2223 est.
1293 2167 1330 2223 ob
1339 2167 1370 2220 id
1379 2167 1422 2220 fa-

391 2240 470 2294 cinus
482 2239 636 2294 Dolabella
652 2238 741 2293 hostis
756 2255 773 2293 a
788 2244 890 2293 senatu
906 2237 1046 2292 iudicatus
1060 2242 1110 2292 est.
1138 2253 1201 2291 cum
1215 2237 1310 2291 Pansa
1323 2238 1426 2292 consul

390 2308 465 2362 male
475 2309 606 2362 adverso
614 2306 767 2361 Antonium
797 2306 990 2377 ugnasset,A.
1000 2305 1109 2359 Hirtius
1120 2306 1217 2361 consul
1226 2321 1288 2360 cum
1297 2304 1423 2360 exercitu

392 2375 589 2454 superveniens
612 2375 682 2428 fusis
698 2374 743 2454 ‚M'
794 2375 872 2453 utoni
891 2374 982 2454 'copiis
1003 2374 1144 2428 fortunam
1165 2375 1309 2454 utriusque
1332 2373 1424 2453 partis

391 2449 531 2584 {tulli
546 2440 1422 2584 slMetzltlt²lut¹tgitiittffttiflllttttillet

390 2582 493 2651 iunxit,
511 2580 654 2651 hostisque
672 2597 691 2635 a
707 2585 809 2635 senatu
826 2597 890 2635 cum
908 2580 1037 2635 omnibus
1055 2580 1103 2650 qui
1116 2581 1191 2636 intra
1204 2579 1423 2651 praesidiaeius

390 2655 485 2707 essent
496 2649 697 2705 iudicatusest.
718 2649 755 2703 A.
764 2648 886 2720 Hirtius,
902 2648 950 2721 qui
959 2654 1023 2719 post
1030 2648 1175 2703 victoriam
1184 2650 1213 2703 in
1222 2648 1290 2719 ipsis
1298 2647 1423 2702 hostium

391 2719 491 2775 castris
504 2719 658 2788 ceciderat,
672 2723 701 2773 ct
710 2717 846 2799 03Pansa
861 2734 894 2773 ex
907 2718 1035 2799 vulnere,
1051 2718 1128 2797 quod
1139 2718 1168 2771 in
1182 2718 1298 2772 adverso
1312 2716 1424 2786 proelio

391 2793 555 2925 tutti:
571 2784 1422 2926 lilatdlbffittlttlltllltAbditas}

389 2930 474 2978 natus
487 2924 554 2993 fuit,
570 2924 618 2993 qui
630 2922 701 2978 Dec.
715 2923 803 2977 Bruto
817 2923 962 2978 obsidione
976 2922 1126 2978 Mutinensi
1140 2941 1158 2977 a
1167 2922 1287 2978 Caesare
1300 2922 1424 2977 liberato

390 2991 524 3061 triumphi
535 2992 640 3045 honore
654 2992 767 3047 decreto
777 2989 906 3046 Caesaris
920 2989 1094 3062 militumque
1109 2992 1168 3046 eius
1181 2992 1350 3045 mentionem
1364 3006 1424 3045 non

392 3059 459 3113 satis
473 3064 583 3130 gratam
595 3058 714 3112 habuit*
730 3059 766 3113 ob
781 3074 853 3139 quae
863 3059 894 3114 O.
904 3058 1023 3128 Caesar,
1037 3060 1219 3115 reconciliata
1227 3076 1278 3130 per
1286 3058 1325 3112 M.
1335 3058 1377 3113 Le
1400 3060 1423 3112 i-

392 3129 457 3181 dum
466 3144 529 3182 cum
537 3126 576 3179 M.
585 3126 709 3181 Antonio
719 3131 820 3197 gratra,
830 3127 949 3182 Romam
958 3143 1021 3180 cum
1031 3128 1154 3183 exercitu
1162 3128 1240 3182 venit
1249 3132 1278 3182 et
1285 3143 1371 3197 percu
1384 3129 1425 3181 sis

392 3196 515 3251 adventu
528 3195 588 3249 eius
603 3194 656 3262 eis,
672 3196 762 3265 quiin
776 3211 840 3250 eum
853 3195 942 3267 iniqui
952 3202 1044 3268 erant,
1059 3213 1122 3252 cum
1132 3213 1219 3251 annos
1229 3195 1423 3252 novemdecim

390 3265 517 3334 haberet,
529 3264 626 3319 consul
635 3267 746 3318 creatus
757 3269 807 3319 est.

815 3344 921 3385 exam.
932 3344 996 3387 cxx.

443 3399 474 3456 C.
484 3400 590 3458 Caesar
598 3400 695 3457 consul
703 3402 796 3473 legem
804 3401 871 3456 tulit
881 3402 915 3457 de
926 3403 1088 3473 quaestione
1097 3401 1336 3470 habendaineos,
1371 3417 1422 3455 uo-

390 3489 452 3525 rum
462 3487 548 3544 opera
557 3470 661 3526 Caesar
669 3474 752 3540 pater
760 3468 869 3525 occisus
879 3477 965 3540 esset,
977 3471 1167 3542 'postulatique
1182 3470 1252 3526 eale
1274 3470 1338 3525 eM.
1348 3417 1421 3523 flm-

390 3547 445 3610 tus,
456 3540 487 3595 C.
497 3538 619 3609 Cassius,
628 3539 699 3595 Dec.
708 3539 813 3593 Brutus
822 3540 953 3595 absentes
963 3540 1088 3595 damnati
1097 3544 1169 3593 sunt.
1193 3555 1256 3593 cum
1297 3538 1423 3593 .Antoni

390 3610 463 3664 vires
476 3608 591 3663 Asinius
605 3624 660 3678 quo
680 3624 716 3663 ne
728 3607 821 3663 Pollio
835 3613 864 3664 et
877 3608 1019 3663 Munatius
1033 3608 1155 3663 Plancus
1173 3623 1236 3661 cum
1254 3606 1424 3663 exercitibus

392 3677 448 3731 suis
463 3676 587 3731 adiuncti
597 3624 792 3747 ampiiassent,
807 3676 877 3733 Dec.
887 3676 1004 3745 Brutus,
1020 3678 1066 3733 eui
1075 3681 1188 3731 senatus
1197 3680 1229 3729 ut
1237 3692 1421 3746 persequere·

390 3752 436 3799 tur
448 3744 603 3799 Antonium
619 3746 815 3816 mandaverat,
833 3746 949 3800 relictus
963 3762 980 3801 a
993 3746 1151 3818 legionibus
1168 3746 1225 3799 suis
1239 3744 1422 3869 Erofflgisset,

390 3814 468 3867 iussu
480 3813 600 3882 Antoni,
614 3814 644 3868 in
658 3814 737 3868 cuius
745 3818 915 3884 potestatem
927 3819 1055 3883 venerat,
1072 3814 1193 3887 (caesus)
1209 3830 1227 3868 a
1265 3830 1356 3885 apeno
1372 3811 1422 3869 Se·

410 3898 484 3936 uano
501 3882 665 3937 interfectus
683 3887 734 3937 est.
761 3881 793 3938 Ο.
811 3882 917 3937 Caesar
933 3900 1032 3953 pacem
1050 3898 1114 3937 cum
1125 3882 1250 3937 Antonio
1269 3888 1297 3937 et
1311 3881 1424 3952 Lepido

390 3898 470 4018 iecit,
490 3950 530 4004 ita
543 3955 576 4003 ut
586 3950 695 4006 tresviri
708 3950 751 4006 rei
763 3950 894 4020 publicae
909 3950 1121 4006 constituendae
1133 3967 1186 4031 per
1200 3950 1423 4021 quinquennium

391 4023 485 4071 essent
492 4018 553 4089 ipse
563 4023 592 4074 ct
600 4018 725 4090 Lepidus
735 4023 764 4074 et
771 4019 924 4088 Antonius,
940 4022 1008 4075 etnt
1018 4034 1082 4071 suos
1093 4034 1154 4088 quis
1174 4037 1210 4075 ue
1219 4020 1345 4074 inimicos
1355 4036 1421 4090 pro·

390 4085 552 4139 scriberent.
578 4087 608 4141 in
627 4104 683 4159 qua
696 4087 898 4158 proscriptione
910 4085 1022 4157 plurimi
1037 4086 1144 4156 equites
1185 4088 1278 4143 omani
1307 4094 1423 4143 centum

389 4151 508 4232 triginta
517 4161 676 4209 senatorum
684 4156 798 4211 nomina
806 4156 928 4223 fuerunt,
943 4158 972 4209 et
984 4154 1114 4209 intereos
1123 4155 1157 4209 L.
1167 4156 1260 4226 Pauli,
1275 4129 1371 4211 listris
1381 4155 1422 4209 M.

390 4219 506 4301 Leprdr,
525 4227 554 4275 et
571 4222 606 4275 L.
620 4224 762 4294 Caesaris,
781 4223 888 4278 Antoni
901 4221 1031 4276 avunculi
1064 4227 1093 4277 et
1105 4222 1143 4276 M.
1159 4223 1310 4279 Ciceronis.
1337 4225 1424 4279 huius

390 4304 475 4345 ocersr
490 4288 642 4360 aPopillio
659 4292 815 4363 legionario
832 4290 935 4359 milite,
954 4307 1016 4345 cum
1034 4260 1153 4347 baberet
1170 4307 1258 4346 annos
1272 4292 1422 4363 sexaginta

445 4549 455 4576 5
