3384 4975
265 436 268 443 ’
382 461 423 527 18
560 468 678 525 arasa
695 466 839 536 xxxxi,
859 467 900 520 19.
913 465 955 520 20.
975 464 1232 557 [annonam]

348 655 361 700 7
381 628 506 707 foedus,
525 626 612 711 quod
630 624 660 691 ei
677 647 751 690 cum
768 622 922 687 Romanis
941 633 1033 698 esset,
1051 622 1152 688 videri
1169 632 1286 707 posset.
1320 622 1410 691 Dar·

344 797 346 800 ⁴
381 724 457 797 dani
474 745 548 789 cum
557 723 732 786 Bastarnas
749 739 814 782 non
831 716 1010 783 modonon
1028 717 1181 782 excedere
1198 717 1315 782 finibus
1330 719 1409 798 suis,

380 817 469 902 quod
492 823 711 902 speraverant,
739 811 796 877 sed
817 810 980 896 graviores
1004 810 1072 874 fieri
1094 809 1128 873 in
1153 810 1220 876 dies
1242 824 1409 878 cernerent

381 911 534 977 subnixos
555 908 717 973 Thracum
740 905 925 971 adcolarum
951 914 983 970 et
1005 901 1247 970 Scordiscorum
1269 907 1409 986 auxiliis,

381 1003 565 1071 audendum
581 999 702 1084 aliquid
719 999 770 1064 vel
788 994 908 1064 temere
925 997 996 1075 rati,
1014 1018 1125 1063 omnes
1137 999 1279 1082 undique
1293 1002 1412 1066 armati

381 1099 423 1164 ad
441 1097 609 1184 oppidum,
631 1093 719 1178 quod
740 1092 922 1178 proximum
945 1091 1055 1156 castris
1077 1092 1306 1157 Bastarnarum
1330 1105 1410 1171 erat,

347 1216 363 1264 8
382 1184 583 1258 conveniunt.
627 1189 730 1252 hiems
748 1195 826 1263 erat,
844 1196 877 1251 et
893 1185 926 1250 id
944 1185 1019 1250 anni
1037 1196 1163 1271 tempus
1181 1181 1353 1272 elegerant,
1371 1199 1410 1252 nt

381 1286 523 1350 Thraces
532 1281 757 1365 Scordiscique
774 1281 808 1344 in
825 1279 905 1344 fines
923 1301 998 1344 suos
1017 1279 1150 1344 abirent.
1185 1281 1272 1363 quod
1289 1280 1345 1346 ubi
1362 1281 1411 1346 ita

260 1444 262 1449 .
381 1379 504 1444 factum
526 1388 558 1442 et
579 1376 663 1440 solos
685 1375 751 1438 iam
772 1396 841 1439 esse
862 1374 1035 1438 Bastarnas
1055 1373 1237 1452 audierunt,
1260 1375 1410 1440 bifariam

382 1472 528 1537 dividunt
546 1470 669 1556 copias,
691 1490 765 1554 pars
783 1478 820 1532 ut
836 1478 923 1534 recto
940 1466 1053 1534 itinere
1071 1468 1112 1533 ad
1130 1467 1349 1534 lacessendum
1367 1492 1412 1536 ex

382 1577 491 1653 aperto
508 1565 578 1642 iret,
596 1586 670 1648 pars
689 1562 781 1627 devio
799 1562 884 1627 saltu
898 1562 1114 1628 circumducta
1132 1562 1173 1627 ab
1191 1573 1280 1648 tergo
1292 1560 1410 1647 adgre-

349 1660 520 1730 ederetur.
565 1668 707 1724 ceterum
733 1657 919 1743 priusquam
946 1655 1112 1722 circumire
1139 1668 1242 1722 eastra
1268 1657 1411 1722 hostium

382 1762 527 1839 possent,
552 1762 733 1837 pugnatum
755 1760 818 1827 est3
845 1750 985 1834 victique
1006 1746 1153 1815 Dardani
1175 1746 1412 1836 compelluritur

312 1850 314 1855 ’
382 1848 416 1911 in
433 1847 556 1921 urbem,
575 1868 658 1929 quae
675 1843 742 1909 fere
761 1843 931 1908 duodecim
948 1844 1035 1908 milia
1053 1844 1094 1908 ab
1113 1844 1222 1909 castris
1236 1846 1412 1910 Bastarna·

333 1963 367 2010 10
383 1962 455 2006 rum
472 1940 592 2006 aberat.
637 1939 773 2004 victores
796 1939 965 2003 confestim
988 1938 1088 2003 secuti
1112 1939 1338 2004 circumsidunt
1355 1963 1412 2004 nr-
1477 1951 1488 1957 “

382 2036 467 2113 bem,
485 2033 572 2098 haud
590 2032 689 2099 dubie*
703 2043 830 2118 postero
846 2032 897 2097 die
915 2044 971 2097 aut
986 2043 1076 2098 metu
1089 2028 1242 2098 dedituris
1260 2055 1293 2098 se
1310 2033 1412 2098 hosti-

336 2149 366 2196 11
385 2129 446 2194 bus
478 2139 535 2193 aut
564 2128 597 2192 vi
627 2126 851 2213 expugnaturi.
904 2126 1032 2190 interim
1057 2125 1283 2193 Dardanorum
1311 2127 1412 2192 altera

383 2246 512 2299 manus,
541 2243 623 2305 quae
650 2219 867 2286 circumducta
894 2230 977 2296 erat,
1003 2221 1116 2306 ignara
1142 2221 1241 2286 eladis
1268 2243 1411 2298 suorum,

385 2328 489 2381 eastra
505 2316 736 2379 Bastarnarum
754 2314 822 2379 'sine
840 2313 998 2399 praesidio
1016 2310 1157 2400 relic[ta]

743 2416 761 2451 ἦ
891 2415 909 2450 ἢ
1037 2415 1055 2450 fl

353 2523 365 2568 1
448 2499 533 2568 XX.
553 2499 642 2587 [....]
652 2522 740 2566 more
754 2501 831 2566 sella
840 2502 981 2566 eburnea
995 2501 1157 2586 positaius
1172 2500 1298 2567 dicebat
1307 2501 1412 2569 disce-

353 2616 367 2661 2
385 2596 560 2681 ptebatque
576 2595 806 2660 controversias
819 2595 1022 2659 minimarum
1036 2616 1152 2661 rerum.
1171 2596 1316 2679 adeoque
1328 2597 1409 2661 nulli

384 2689 533 2755 fortunae
542 2689 736 2756 adhaerebat
745 2690 869 2754 animus
882 2712 940 2775 per
950 2689 1056 2754 omnia
1068 2712 1187 2775 genera
1195 2690 1280 2755 vitae
1290 2713 1411 2767 errans,

386 2784 434 2847 uti
449 2806 509 2848 nec
527 2783 588 2847 sibi
604 2806 664 2849 nec
682 2784 761 2859 aliis,
779 2782 910 2866 quinam
927 2782 1022 2847 homo
1037 2793 1130 2858 esset,
1149 2784 1225 2847 satis
1240 2794 1407 2849 constaret.
1457 2777 1471 2794 ⁵

353 2895 367 2941 3
386 2898 450 2940 non
469 2877 597 2959 adloqui
615 2878 743 2952 amicos,
761 2878 816 2941 vix
828 2877 913 2941 notis
929 2876 1126 2941 familiariter
1140 2877 1287 2954 arridere,
1304 2877 1411 2945 muni-

386 2969 512 3033 ficentia
543 2969 703 3052 inaequali
735 2992 804 3035 sese
837 2970 979 3054 aliosque
1014 2969 1184 3048 ludificari;
1219 2970 1410 3055 quibusdam

386 3062 547 3127 honoratis
569 3084 750 3148 magnoque
773 3064 1014 3129 aestimantibus
1033 3087 1067 3129 se
1088 3066 1237 3150 puerilia,
1264 3076 1300 3130 ut
1318 3087 1411 3131 escae

386 3165 442 3220 ant
462 3156 566 3231 lusus,
592 3158 839 3234 munerandam,
867 3158 945 3223 ahos
971 3158 1051 3223 nihil
1072 3170 1277 3244 expectantes
1300 3159 1411 3224 ditare.

352 3270 368 3315 4
385 3250 493 3333 itaque
511 3251 633 3317 nescire
651 3253 729 3335 quid
747 3253 808 3317 sibi
825 3254 920 3319 vellet
937 3254 1129 3337 quibusdam
1147 3255 1261 3332 videri,
1280 3256 1411 3338 quidam

386 3344 496 3410 ludere
514 3368 589 3410 eum
606 3346 804 3433 simpliciter,
823 3348 954 3432 quidam
971 3348 1059 3413 haud
1077 3349 1173 3415 dubie
1190 3349 1327 3413 insanire
1345 3347 1412 3412 aie·

352 3438 475 3505 abant.
518 3438 552 3504 in
575 3440 700 3506 duabus
721 3452 829 3506 tamen
850 3442 975 3528 magnis
997 3442 1201 3527 honestisque
1222 3440 1318 3507 rebus
1335 3462 1412 3505 vere

386 3534 494 3619 regius
517 3546 585 3600 erat
611 3537 752 3613 animus,
777 3536 810 3600 in
834 3535 961 3601 urbium
984 3535 1075 3602 donis
1099 3549 1131 3604 et
1153 3538 1285 3604 deornm
1312 3536 1410 3601 cultu.

354 3646 368 3693 o
386 3628 668 3715 Megalopolitanis
682 3630 716 3694 in
724 3629 867 3696 Arcadia
875 3654 1003 3696 murum
1013 3655 1047 3697 se
1057 3627 1326 3699 circumdaturum
1339 3629 1413 3694 urbi

388 3732 436 3785 est
453 3724 611 3808 pollicitus
624 3723 841 3808 maioremque
855 3738 978 3811 partem
995 3728 1150 3810 pecuniae
1163 3728 1250 3792 dedit
1255 3752 1264 3803 3
1282 3727 1411 3809 Tegeae

356 3832 369 3878 t
388 3814 548 3880 theatrum
570 3818 776 3903 magnifieum
793 3840 811 3883 e
829 3841 986 3887 marmore
1004 3820 1109 3886 faeere
1127 3819 1276 3893 institnit3
1300 3815 1414 3898 Cyzici

389 3902 453 3987 [in]
470 3908 669 3993 Prytaneum
685 3912 780 3976 —id
805 3924 854 3978 est
879 3914 1041 4000 penetrale
1066 3912 1169 3987 urbis,
1196 3909 1252 3973 ubi
1274 3907 1414 3992 publice,

389 3997 506 4078 quibus
517 4003 546 4066 is
559 4002 660 4069 honos
670 4005 762 4070 datus
773 4016 831 4083 est,
848 4017 1071 4072 vescuntur—
1080 4027 1158 4071 vasa
1172 4024 1270 4067 aurea
1283 4024 1414 4067 mensae

389 4090 484 4156 unius
501 4099 616 4177 posuit
652 4100 775 4165 Rhodis
793 4099 860 4187 [ut]
878 4100 956 4165 nihil
973 4121 1073 4165 unum
1090 4099 1230 4182 insigne,
1247 4094 1292 4161 ita
1310 4096 1412 4161 omnis

389 4186 531 4271 generis,
561 4201 598 4253 ut
623 4213 769 4279 quaeque
800 4217 878 4259 usus
904 4215 1014 4260 eorum
1045 4190 1301 4280 postulaverunt,
1329 4191 1414 4255 dona
